category,title,subtitle,single_price,image_urls,details,directions
 Poultry,Always Fresh Random Boneless Skinless Chicken Breast,About 10.0 lb each • $3.49 / lb (About 10.0 lb each)Final cost by weight,$34.90 each (est.),http://95.217.130.223:9000/instacart-product-images/large_58aeb0fe-d42e-4384-9ea8-5becb03539d0.png,-,-
 Poultry,"John F. Martin & Sons Turkey Bacon, Old Fashioned Hickory Smoked",12 oz • $0.33/oz,$3.99 ,http://95.217.130.223:9000/instacart-product-images/large_818f4783-aa81-4a32-a73e-0309287e4e3c.jpg,Please note this product is for 1 unit. Please see promotion to purchase case price.,"Safe Handling Instructions: This product was prepared from inspected and passed meat and/or poultry. Some food products may contain bacteria that could cause illness if the product is mishandled or cooked improperly. For your protection, follow these safe handling instructions. Keep refrigerated or frozen. Thaw in refrigerator or microwave. Keep raw meat and poultry separate from other foods. Wash working surfaces (including cutting boards), utensils and hands after touching raw meat or poultry. Cook thoroughly. Keep hot foods hot. Refrigerate leftovers immediately or discard., Stovetop: Cook bacon in a skillet over medium heat until browned and crisp. Turning to brown evenly. Drain bacon on a paper towel if desired. Oven: Arrange bacon in single layer in shallow baking dish. Bake at 375 degrees F for 14-17 minutes or until browned and crisp. Microwave: Arrange slices in single layer between paper towels in microwave-safe dish. Microwave on high for the following approximate times: 2 slices, 2 - 2-1/2 minutes; 4 slices. 4 - 4-1/2minutes; 6 slices. 5-6 minutes. Note: All microwave ovens vary. Times are approximate., Keep refrigerated. Storage: Keep refrigerated or frozen. Use or freeze by date stamped on package. Vacuum-packaged bacon will keep up to 6 months in the freezer. Once opened use within 1 week."
 Poultry,Always Fresh Random Boneless Skinless Chicken Breast,About 40.0 lb each • $1.99 / lb (About 40.0 lb each)Final cost by weight,$79.60 each (est.),http://95.217.130.223:9000/instacart-product-images/large_58aeb0fe-d42e-4384-9ea8-5becb03539d0.png,-,-
 Poultry,R/W Halal Chicken Drumstick,About 40.0 lb each • $0.79 / lb (About 40.0 lb each)Final cost by weight,$31.60 each (est.),http://95.217.130.223:9000/instacart-product-images/large_9ac40b22-48da-45d5-914d-df3a5dbf78a6.jpg,-,-
 Poultry,Oscar Mayer Gluten Free Turkey Bacon with 58% Less Fat & 57% Less Sodium,12 oz • $0.42/oz,$4.99 ,"http://95.217.130.223:9000/instacart-product-images/large_11bf0365-86f3-447b-8692-58481b8e0019.jpg, http://95.217.130.223:9000/instacart-product-images/large_8429e5c3-ca93-42ef-8282-bbd2458ff19d.jpg, http://95.217.130.223:9000/instacart-product-images/large_6fe9817f-35de-4c87-be02-517c316b48fd.jpg",Please note this product is for 1 unit. Please see promotion to purchase case price.,"Heating Directions:, (Appliances & Desired Crispness Of Turkey Bacon Varies, Cooking Times Are Guidelines.)., Stove: Cook Turkey Bacon In Unheated Skillet On Medium 8 To 10 Min., Turning Frequently., Oven: Bake Turkey Bacon At 375F In Shallow Pan 10 Min. (No Turning Necessary)., Microwave: Place 2 Turkey Bacon Slices Between Paper Towels On Microwaveable Plate:; Cook On High 1 To 1 - 1/2 Min. (Caution: Plate May Be Hot.)., For Two Servings., Once Opened, Use Within 7 Days."
 Poultry,John F. Martin & Sons Turkey Bacon,5 lb • $0.30/oz,$23.99 ,http://95.217.130.223:9000/instacart-product-images/large_190a6ad7-d400-4129-9393-bd99760615b2.jpg,Please note this product is for 1 unit. Please see promotion to purchase case price.,-
 Poultry,Godshall's Turkey Bacon,12 oz • $0.33/oz,$3.99 ,"http://95.217.130.223:9000/instacart-product-images/large_9f45f69d-aefc-496a-8618-8ebda0f4a911.png, http://95.217.130.223:9000/instacart-product-images/large_be600bde-78ac-465a-8cad-c5afec9fe1ef.png, http://95.217.130.223:9000/instacart-product-images/large_7f75b1bd-fc8c-4b4e-814a-b49fc1afdd30.jpg","At Godshall’s we only use high quality cuts of turkey. Our delightful bacon has an a rich smoky taste and aroma that you’ll love because we take time to Real Wood Smoke our turkey bacon without using artificial chemical flavors. So, if you’re ready for Real Wood Smoked, Real Delicious Bacon please give us a try.","Cooking Instructions: Skillet: Pre-heat pan to medium high. Heat slices for 3 minutes, then flip and heat for another 2 minutes. Flip again and heat for 30 seconds, place on napkin or paper towel. Bake: Pre-heat oven to 400 degrees F, and set slices on a wire or mesh rack in a shallow pan. Bake for about 10 minutes. Microwave: Use a microwave safe plate and put slices between napkins or paper towels Cook on HIGH power. 2 strips: 1 1/2 minutes, 4 strips: 2 1/2 minutes. Air Fry: Pre-heat to 350 degrees F, once heated cook on a rack for 8 minutes., Keep refrigerated."
 Poultry,Oscar Mayer Gluten Free Turkey Bacon with 58% Less Fat & 57% Less Sodium,12 oz • $0.42/oz,$4.99 ,"http://95.217.130.223:9000/instacart-product-images/large_11bf0365-86f3-447b-8692-58481b8e0019.jpg, http://95.217.130.223:9000/instacart-product-images/large_8429e5c3-ca93-42ef-8282-bbd2458ff19d.jpg, http://95.217.130.223:9000/instacart-product-images/large_6fe9817f-35de-4c87-be02-517c316b48fd.jpg",Please note this product is for 1 unit. Please see promotion to purchase case price.,"Heating Directions:, (Appliances & Desired Crispness Of Turkey Bacon Varies, Cooking Times Are Guidelines.)., Stove: Cook Turkey Bacon In Unheated Skillet On Medium 8 To 10 Min., Turning Frequently., Oven: Bake Turkey Bacon At 375F In Shallow Pan 10 Min. (No Turning Necessary)., Microwave: Place 2 Turkey Bacon Slices Between Paper Towels On Microwaveable Plate:; Cook On High 1 To 1 - 1/2 Min. (Caution: Plate May Be Hot.)., For Two Servings., Once Opened, Use Within 7 Days."
 Poultry,Deen Halal Turkey Breakfast Slices,12 oz • $0.42/oz,$4.99 ,"http://95.217.130.223:9000/instacart-product-images/large_a440b6f7-1dfe-4928-ab95-344b0c0818de.jpg, http://95.217.130.223:9000/instacart-product-images/large_64c13999-2883-4a67-bd36-7b1ec75359ab.jpg, http://95.217.130.223:9000/instacart-product-images/large_8ff8ee9d-ed26-4c3d-9404-4108df0228bc.jpg",Please note this product is for 1 unit. Please see promotion to purchase case price.,"Safe Handling Instructions: This product was prepared from inspected and passed meat and/or poultry. Some food products may contain bacteria that could cause illness if the product is mishandled or cooked improperly. For your protection, follow these safe handling instructions. Keep refrigerated or frozen. Thaw in refrigerator or microwave. Keep raw meat and poultry separate from other foods. Wash working surfaces (including cutting boards), utensils and hands after touching raw meat or poultry. Cook thoroughly. Keep hot foods hot. Refrigerate leftovers immediately or discard., Cooking Instructions: Fry: Cook in skillet over low heat. Turn frequently, allowing slices to brown evenly. Place separated strips on rack in shallow pan. Bake about 15 minutes at 400 degrees F. No turning necessary. Place strips in shallow glass container or paper plate. Cover with paper towel. Cook on high power. 2 strips: 1-1/2 min., 4 strips: 2-1/2 min., Keep refrigerated."
 Poultry,Boneless Skinless Chicken Breast From Medium Size Chicken,About 40.0 lb each • $2.99 / lb (About 40.0 lb each)Final cost by weight,$119.60 each (est.),http://95.217.130.223:9000/instacart-product-images/large_d9be3564-7eb9-4e67-998f-6123e6a74216.jpg,-,-
 Poultry,Perdue Ground Turkey,5 lb • $0.25/oz,$19.99 ,http://95.217.130.223:9000/instacart-product-images/large_8032e7ca-27f9-4391-b6e3-49d1a71b6b0d.png,Please note this product is for 1 unit. Please see promotion to purchase case price.,-
 Poultry,Small Cut Chicken Wings,About 40.0 lb each • $2.99 / lb (About 40.0 lb each)Final cost by weight,$119.60 each (est.),http://95.217.130.223:9000/instacart-product-images/large_3770b04e-2e2e-446d-815a-6603b9d1c9da.jpg,-,-
 Poultry,Godshall's Bacon Turkey Slab,About 6.0 lb / package • $3.99 / lb (About 6.0 lb / package)Final cost by weight,$23.94 /pkg (est.),http://95.217.130.223:9000/instacart-product-images/large_972593e1-0b69-4420-8ec6-344276c5c6c6.jpeg,-,-
 Poultry,Frozen Chicken Gizzards,About 40.0 lb each • $1.19 / lb (About 40.0 lb each)Final cost by weight,$47.60 each (est.),http://95.217.130.223:9000/instacart-product-images/large_f88400e9-e0a2-4913-9459-ea88bc640517.jpg,-,-
 Poultry,Cvp 45-50 Count Whole Backs Removed Chicken Jumbo Leg,About 40.0 lb each • $1.29 / lb (About 40.0 lb each)Final cost by weight,$51.60 each (est.),http://95.217.130.223:9000/instacart-product-images/large_b67339f3-b27f-4513-8a65-6709e8ca8b52.jpg,-,-
 Poultry,Godshall's Maple Turkey Bacon,About 6.0 lb / package • $4.99 / lb (About 6.0 lb / package)Final cost by weight,$29.94 /pkg (est.),http://95.217.130.223:9000/instacart-product-images/large_e0878e7f-4632-49db-92ef-89f3e4984c21.jpg,-,-
 Poultry,Raw Ground Turkey,5 lb • $0.31/oz,$24.99 ,http://95.217.130.223:9000/instacart-product-images/large_d210db22-4fe1-46c5-87a4-4a1a2c7c53fe.png,Please note this product is for 1 unit. Please see promotion to purchase case price.,-
 Poultry,R/W Halal Fresh Jumbo Party Chicken Wings,About 40.0 lb each • $3.39 / lb (About 40.0 lb each)Final cost by weight,$135.60 each (est.),http://95.217.130.223:9000/instacart-product-images/large_a15a206c-a4bd-4fe9-b361-92856164d5a9.jpg,-,-
 Poultry,Halal Chicken Party Wings,About 40.0 lb each • $3.69 / lb (About 40.0 lb each)Final cost by weight,$147.60 each (est.),http://95.217.130.223:9000/instacart-product-images/large_71a747a6-08a4-44c4-9f7d-495a7cfb42e8.jpg,-,-
 Poultry,Always Fresh 1/4 S R/W Chicken Jumbo Leg,About 40.0 lb / package • $0.79 / lb (About 40.0 lb / package)Final cost by weight,$31.60 /pkg (est.),http://95.217.130.223:9000/instacart-product-images/large_7b3f1cc9-5f21-4c94-a70d-c0d35f43d599.jpg,-,-
 Poultry,Red & White 3.5 Pounds Average Whole Chicken With Giblet,About 45.0 lb each • $1.79 / lb (About 45.0 lb each)Final cost by weight,$80.55 each (est.),http://95.217.130.223:9000/instacart-product-images/large_e7a2bed1-6657-4f28-bd0d-e8bdc1088776.jpg,-,-
 Poultry,Grade A Fully Trimmed Boneless Chicken Breast,10 lb • $0.17/oz,$27.99 ,http://95.217.130.223:9000/instacart-product-images/large_04a50ab2-9ed8-4ede-b926-88cf5c1257dc.jpg,Please note this product is for 1 unit. Please see promotion to purchase case price.,-
 Poultry,Always Fresh Chicken Drumsticks,About 40.0 lb each • $0.61 / lb (About 40.0 lb each)Final cost by weight,$24.40 each (est.),http://95.217.130.223:9000/instacart-product-images/large_15dda483-1db6-44e8-990d-a6dce3e2bb93.png,-,-
 Poultry,GV Halal Chicken Fritter,10 lb • $0.28/oz,$44.99 ,http://95.217.130.223:9000/instacart-product-images/large_65a67224-e76d-4fbf-b4f3-5c792643f0a9.png,-,-
 Poultry,Always Jumbo Fresh & Tender Chicken,About 40.0 lb / package • $2.99 / lb (About 40.0 lb / package)Final cost by weight,$119.60 /pkg (est.),http://95.217.130.223:9000/instacart-product-images/large_7e8cf70f-30ff-4564-ba6a-7a4ea57db6e1.jpg,-,-
 Poultry,Perdue White Meat Turkey Burgers,5.33 oz • $10.13/oz,$53.99 ,http://95.217.130.223:9000/instacart-product-images/large_d8eb0154-e69b-4a72-9abc-82961fbacb1d.png,-,-
 Poultry,Godshall's Natural Applewood Smoked Turkey Bacon,5 oz • $6.60/oz,$32.99 ,http://95.217.130.223:9000/instacart-product-images/large_4b196171-e476-4a93-bf05-deb718ca8c9f.jpeg,Please note this product is for 1 unit. Please see promotion to purchase case price.,-
 Poultry,Tyson Italian Chicken Breast Fillet,4.7 oz • $15.53/oz,$72.99 ,http://95.217.130.223:9000/instacart-product-images/large_4e2e784d-a452-4f50-a1c2-7c9338107012.jpg,-,-
 Poultry,Martin’s Specialty Sausage Company Raw Turkey Sausage Patty,1 each,$79.99 ,http://95.217.130.223:9000/instacart-product-images/large_a73b3e88-a94d-47d6-bf55-637a7d514f6d.png,-,-
 Poultry,R/W Frozen Tom Turkey V Wings,About 30.0 lb / package • $3.49 / lb (About 30.0 lb / package)Final cost by weight,$104.70 /pkg (est.),http://95.217.130.223:9000/instacart-product-images/large_10e7956a-1588-40be-8cd8-0b4041799fce.png,-,-
 Poultry,Tyson Cornish Hen Spice,About 2.0 lb / package • $3.49 / lb (About 2.0 lb / package)Final cost by weight,$6.98 /pkg (est.),http://95.217.130.223:9000/instacart-product-images/large_8bca397a-ded6-47d1-bf9b-8b4ddcad668d.png,-,-
 Poultry,8 Ounce Chic Airline Br,About 40.0 lb each • $4.99 / lb (About 40.0 lb each)Final cost by weight,$199.60 each (est.),http://95.217.130.223:9000/instacart-product-images/large_72ed5031-2856-4e3d-91d2-fa7a006f216a.jpg,-,-
 Poultry,"Godshall's 5"" Hotel Sliced Turkey Bacon",1 each,$26.99 ,http://95.217.130.223:9000/instacart-product-images/large_893c38bc-1621-42ce-8bff-25ee3c4ebc34.jpeg,Please note this product is for 1 unit. Please see promotion to purchase case price.,-
 Poultry,Zabiha 1/4 Halal Chicken Legs,About 40.0 lb each • $2.99 / lb (About 40.0 lb each)Final cost by weight,$119.60 each (est.),http://95.217.130.223:9000/instacart-product-images/large_49fb173b-aa6e-4bff-bc02-6b0e80473364.jpg,-,-
 Poultry,Always Fresh Bone In Whole Chicken Breasts,About 40.0 lb each • $2.99 / lb (About 40.0 lb each)Final cost by weight,$119.60 each (est.),http://95.217.130.223:9000/instacart-product-images/large_a4497cad-215d-4348-beaa-2fb8a04d4144.jpg,-,-
 Poultry,Chicken 8 Piece Cut,About 7.0 lb each • $3.99 / lb (About 7.0 lb each)Final cost by weight,$27.93 each (est.),http://95.217.130.223:9000/instacart-product-images/large_3f216b8e-e6ad-461b-a939-9156c8e721d4.jpg,-,-
 Poultry,Big C Diced Chicken Breast,10 lb • $0.40/oz,$63.99 ,http://95.217.130.223:9000/instacart-product-images/large_aa029222-84c2-4f25-87ab-251297014f14.png,-,-
 Poultry,Frozen Veal Bones,About 25.0 lb each • $2.39 / lb (About 25.0 lb each)Final cost by weight,$59.75 each (est.),http://95.217.130.223:9000/instacart-product-images/large_749f77e4-14e1-414b-869e-257624b389ec.jpg,-,-
 Poultry,Whole Chicken With Giblets,About 55.0 lb each • $1.79 / lb (About 55.0 lb each)Final cost by weight,$98.45 each (est.),http://95.217.130.223:9000/instacart-product-images/large_686e06d0-5042-4768-bd40-803d6cc32915.jpg,-,-
 Poultry,Martin’s Specialty Sausage Fresh Turkey Burger,10 lb • $0.33/oz,$52.99 ,http://95.217.130.223:9000/instacart-product-images/large_69f93059-4e52-44b1-a4ec-3176b9c7de2e.png,-,-
 Poultry,Halal Certified Fresh Boneless Chicken Leg Meat,About 40.0 lb / package • $1.99 / lb (About 40.0 lb / package)Final cost by weight,$79.60 /pkg (est.),http://95.217.130.223:9000/instacart-product-images/large_317fd3e0-fb71-4f09-bb10-7cd9624977b8.png,-,-
 Fresh vegetables,JAMES FARM 2 LB IQF BROCCOLI FLORETS,2 lb • $0.12/oz,$3.99 ,http://95.217.130.223:9000/instacart-product-images/large_8ce424ec-64d5-4e74-b9fd-f4c9404a4211.jpg,Please note this product is for 1 unit. Please see promotion to purchase case price.,-
 Fresh vegetables,Iceberg Lettuce,1 each,$1.49 ,http://95.217.130.223:9000/instacart-product-images/large_f4d5d4fa-d22c-47f8-8e77-1a9e526e5fe2.jpg,Please note this product is for 1 unit. Please see promotion to purchase case price.,-
 Fresh vegetables,Baby Corn,1 each,$9.99 ,http://95.217.130.223:9000/instacart-product-images/large_8aae92f9-d596-4d6a-973f-cd6d58e49a43.png,Please note this product is for 1 unit. Please see promotion to purchase case price.,-
 Fresh vegetables,Tomato,5 lb • $0.09/oz,$6.99 ,http://95.217.130.223:9000/instacart-product-images/large_2999ce26-f365-49d1-ac2d-fd4027c76c8c.jpg,-,-
 Fresh vegetables,"1/8"" Bagged Shredded Lettuce",5 lb • $0.10/oz,$7.99 ,http://95.217.130.223:9000/instacart-product-images/large_62061e4e-1873-47bf-a25f-681b515a6365.jpg,Please note this product is for 1 unit. Please see promotion to purchase case price.,-
 Fresh vegetables,JAMES FARM 1 LB EDAMAME IN POD,1 lb • $0.17/oz,$2.69 ,http://95.217.130.223:9000/instacart-product-images/large_3215ad32-2e27-4be7-92c5-65e7b3921ca9.png,Please note this product is for 1 unit. Please see promotion to purchase case price.,-
 Fresh vegetables,TOMATO ROMA 5 LB UNIT,5 lb • $0.09/oz,$6.99 ,http://95.217.130.223:9000/instacart-product-images/large_f622ccac-9a7f-49cc-aca0-0bf3c7a35429.jpg,Please note this product is for 1 unit. Please see promotion to purchase case price.,-
 Fresh vegetables,Italian Parsley,6 count bag,$5.99 ,http://95.217.130.223:9000/instacart-product-images/large_47d98f6d-9f59-451d-ab12-c7fde88bcc37.jpg,Please note this product is for 1 unit. Please see promotion to purchase case price.,-
 Fresh vegetables,Red Grape Tomato,per lb,$1.49 ,http://95.217.130.223:9000/instacart-product-images/large_85320f0e-0478-47df-a84a-5d1e18a7d37c.png,Please note this product is for 1 unit. Please see promotion to purchase case price.,-
 Fresh vegetables,Straight Neck Squash,19 lb • $0.06/oz,$16.99 ,http://95.217.130.223:9000/instacart-product-images/large_c27cd6e6-e218-44da-9b9a-7993015306aa.png,-,-
 Fresh vegetables,Jumbo Sweet Potato (Yam),40 lb • $0.04/oz,$24.99 ,http://95.217.130.223:9000/instacart-product-images/large_4a83cdbb-fa5b-4a0c-b11c-27910675048f.png,-,-
 Fresh vegetables,"Russet Potato - 50 lb Bag, 6oz Min, US #2",50 lb • $0.03/oz,$21.99 ,http://95.217.130.223:9000/instacart-product-images/large_ee1c4464-bfbe-48b5-9d81-12ec2f355138.png,-,-
 Fresh vegetables,Taylor Farms Lettuce Spinach,2.5 lb • $0.15/oz,$5.99 ,http://95.217.130.223:9000/instacart-product-images/large_e8f9fd39-791d-48cd-8822-de6ec655c28c.jpg,Please note this product is for 1 unit. Please see promotion to purchase case price.,-
 Fresh vegetables,Green Squash (Zucchini) - 24 lbs,24 lb • $0.03/oz,$12.99 ,http://95.217.130.223:9000/instacart-product-images/large_c45e7ba7-b225-4e56-9e3a-00d61d1a3bb2.jpg,-,-
 Fresh vegetables,Organic Spring Mix,2 ct • $6.00 each,$11.99 ,http://95.217.130.223:9000/instacart-product-images/large_cfcd7570-3587-49b0-bc9f-1b55ee449e02.jpg,Please note this product is for 1 unit. Please see promotion to purchase case price.,-
 Fresh vegetables,Medium Mushroom,10 lb • $0.15/oz,$23.99 ,http://95.217.130.223:9000/instacart-product-images/large_7530adac-53ac-4483-b972-c4aee916e009.jpg,-,-
 Fresh vegetables,Yellow Squash,1 each,$5.99 ,http://95.217.130.223:9000/instacart-product-images/large_9452cfda-5ab5-4780-a88b-3fc0b54247ea.png,-,-
 Fresh vegetables,Red Onion,25 lb case,$22.99 ,http://95.217.130.223:9000/instacart-product-images/large_d3796b0c-d39b-4e77-b1b4-fac9a781259f.png,-,-
 Fresh vegetables,Baby Arugula,3 lb bag,$19.99 ,http://95.217.130.223:9000/instacart-product-images/large_3930c07a-ac57-4319-9146-63fc33db3dc5.jpg,-,-
 Fresh vegetables,Bagged Shredded Carrot,5 lb • $0.15/oz,$11.99 ,http://95.217.130.223:9000/instacart-product-images/large_2b9d9abc-85c3-4261-862c-d971640a3795.jpg,Please note this product is for 1 unit. Please see promotion to purchase case price.,-
 Fresh vegetables,PRODUCE HABANERO 1LB UNIT,1 lb • $0.37/oz,$5.99 ,http://95.217.130.223:9000/instacart-product-images/large_20a0533a-a912-453c-aa2a-2eddec9e250e.jpg,Please note this product is for 1 unit. Please see promotion to purchase case price.,-
 Fresh vegetables,Jalapeno Pepper,5 lb • $0.10/oz,$7.99 ,http://95.217.130.223:9000/instacart-product-images/large_8ce7dd17-160d-45b9-a4ae-81df60f74858.jpg,Please note this product is for 1 unit. Please see promotion to purchase case price.,-
 Fresh vegetables,Jumbo Yellow Onions - 50 lbs,50 lb • $0.03/oz,$24.99 ,http://95.217.130.223:9000/instacart-product-images/large_1108e1bd-aa97-4c47-b03b-830eefd3b584.png,-,-
 Fresh vegetables,Turmeric Root,1 each,$5.99 ,http://95.217.130.223:9000/instacart-product-images/large_bd912c5d-2a84-4e29-b8ee-b13ea1238890.jpg,-,-
 Fresh vegetables,Ginger Root,4 lb • $0.20/oz,$12.99 ,http://95.217.130.223:9000/instacart-product-images/large_7b40ac26-5b14-4f3a-ba09-e8f535d653bb.jpg,Please note this product is for 1 unit. Please see promotion to purchase case price.,-
 Fresh vegetables,Red Bell Pepper,5 lb • $0.15/oz,$11.99 ,http://95.217.130.223:9000/instacart-product-images/large_df32fb81-62c2-4a3d-a8f5-1b040290ab47.jpg,-,-
 Fresh vegetables,Bag Cucumbers,,$4.99 ,http://95.217.130.223:9000/instacart-product-images/large_23f5e3bc-5540-4a02-a1b4-05976dc04b12.png,Please note this product is for 1 unit. Please see promotion to purchase case price.,-
 Fresh vegetables,PRODUCE - MICROGREENS RAINBOW MIX,case,$19.99 ,http://95.217.130.223:9000/instacart-product-images/large_7a3d684c-9b4e-4646-bf9f-5f970671affd.jpg,Please note this product is for 1 unit. Please see promotion to purchase case price.,-
 Fresh vegetables,Ssp Peeled Garlic,5 lb • $0.37/oz,$29.99 ,http://95.217.130.223:9000/instacart-product-images/large_acbc082a-697f-4bdb-bee1-7b2be815f334.jpg,Please note this product is for 1 unit. Please see promotion to purchase case price.,-
 Fresh vegetables,Iceless Green Onions,2 lb • $0.50/oz,$15.99 ,http://95.217.130.223:9000/instacart-product-images/large_b8f54d8e-7d3f-414f-bdbd-3824116e76cb.jpg,Please note this product is for 1 unit. Please see promotion to purchase case price.,-
 Fresh vegetables,Zucchini,3 lb • $0.08/oz,$3.99 ,http://95.217.130.223:9000/instacart-product-images/large_8509c612-4637-47b0-af2b-2b30f20523a6.png,-,-
 Fresh vegetables,Yellow Onion,10 lb bag,$9.99 ,http://95.217.130.223:9000/instacart-product-images/large_82a5122f-253a-452f-ab96-3890b16632d7.png,Please note this product is for 1 unit. Please see promotion to purchase case price.,-
 Fresh vegetables,Sweet Onion,10 lb • $0.06/oz,$9.99 ,http://95.217.130.223:9000/instacart-product-images/large_7d20410b-a5b8-439b-a605-0509b178ab3b.jpg,Please note this product is for 1 unit. Please see promotion to purchase case price.,-
 Fresh vegetables,"Seedless cucumber, hot house, 12 ct",12 ct • $1.92 each,$22.99 ,http://95.217.130.223:9000/instacart-product-images/large_15cb6225-13d6-4158-8740-08e7f61e0615.png,-,-
 Fresh vegetables,Pure Flavor Extra Sweet Mini Peppers,1 lb • $0.19/oz,$2.99 ,http://95.217.130.223:9000/instacart-product-images/large_030a83cd-765c-4b51-88d2-ff24d826d03e.jpg,Please note this product is for 1 unit. Please see promotion to purchase case price.,-
 Fresh vegetables,Yukon Gold Potato Bag,10 lb bag,$7.99 ,http://95.217.130.223:9000/instacart-product-images/large_f252673b-a6c1-40c4-94a1-4e033f9911e8.jpg,Please note this product is for 1 unit. Please see promotion to purchase case price.,-
 Best Sellers,Sunset 16 Ounce Clear Cups,50 ct • 20 ct,$6.99 ,http://95.217.130.223:9000/instacart-product-images/large_56ba2b5e-0af2-4b31-af08-b64edcefc4bf.jpg,Please note this product is for 1 unit. Please see promotion to purchase case price.,-
 Best Sellers,"Morton Salt, Iodized",26 oz • $0.14/oz,$3.69 ,"http://95.217.130.223:9000/instacart-product-images/large_4ea5bbdd-5a1e-4fa8-b0e7-df2a46bdafbb.png, http://95.217.130.223:9000/instacart-product-images/large_94eac438-a9d3-4484-a401-179d64817559.png, http://95.217.130.223:9000/instacart-product-images/large_afee1ce0-6275-42bb-a652-b8ea97cd15cd.png",Please note this product is for 1 unit. Please see promotion to purchase case price.,Open here.
 Best Sellers,Dole 100% Pineapple Juice,6 fl oz • $5.00/fl oz,$29.99 ,"http://95.217.130.223:9000/instacart-product-images/large_83043c43-3b59-4374-8ceb-a9020137eec2.png, http://95.217.130.223:9000/instacart-product-images/large_603b2175-84e8-40ff-b57b-81ab30458773.png, http://95.217.130.223:9000/instacart-product-images/large_c943f3f7-776b-49a2-8adb-e96f31e03c9b.png","100% pineapple juice. With added vitamins A, C & E. Live Well: excellent source of vitamin C; good source of vitamins A & E; no added sugar (Not a low or reduced calorie food. See nutrition facts for further information on sugar and calorie content); BPA-free packaging; gluten free. Non GMO Project verified. nongmoproject.org. Not from concentrate. Satisfaction guaranteed. Call 1-800-232-8888. dolepineapplejuice.com. Connect with us (at)dolesunshine. Visit dolepineapplejuice.com for delicious recipes. Please recycle. Product of the Philippines. We've peeled the fruit. Now all you need to do is peel back the lid for delicious nutrition.,  ; Vitamin C is an antioxidant that helps promote a healthy immune system. Who knew vitamins were so delicious?,  ; It's our promise to provide everyone, everywhere with good nutrition!,  ; Great by itself, as a topping or in your favorite recipe. In the world of fruit, we call that a ""triple play."" ,  , • Full of Sunshine,  , • We Believe in Sunshine for All.™",Chill and shake well before serving.
 Best Sellers,"Dole Pineapple Juice, Can",46 fl oz • $0.11/fl oz,$4.99 ,"http://95.217.130.223:9000/instacart-product-images/large_f9fcbd92-83ea-41c7-9b31-434aed3b7bbb.png, http://95.217.130.223:9000/instacart-product-images/large_23b8b499-db2c-48ba-8e75-cb85e1802e99.png, http://95.217.130.223:9000/instacart-product-images/large_ac550285-52ef-44e8-be89-61ceffdff66a.png",Please note this product is for 1 unit. Please see promotion to purchase case price.,"Healthier Helpful Hints. Marinades: Use in place of oil., Best served chilled., After opening, refrigerate contents in glass or plastic container., Shake well before serving."
 Best Sellers,"Dole Pineapple Juice, Can",46 fl oz • $0.11/fl oz,$4.99 ,"http://95.217.130.223:9000/instacart-product-images/large_f9fcbd92-83ea-41c7-9b31-434aed3b7bbb.png, http://95.217.130.223:9000/instacart-product-images/large_23b8b499-db2c-48ba-8e75-cb85e1802e99.png, http://95.217.130.223:9000/instacart-product-images/large_ac550285-52ef-44e8-be89-61ceffdff66a.png",Please note this product is for 1 unit. Please see promotion to purchase case price.,"Healthier Helpful Hints. Marinades: Use in place of oil., Best served chilled., After opening, refrigerate contents in glass or plastic container., Shake well before serving."
 Best Sellers,"Dole Pineapple Juice, Can",46 fl oz • $0.11/fl oz,$4.99 ,"http://95.217.130.223:9000/instacart-product-images/large_f9fcbd92-83ea-41c7-9b31-434aed3b7bbb.png, http://95.217.130.223:9000/instacart-product-images/large_23b8b499-db2c-48ba-8e75-cb85e1802e99.png, http://95.217.130.223:9000/instacart-product-images/large_ac550285-52ef-44e8-be89-61ceffdff66a.png",Please note this product is for 1 unit. Please see promotion to purchase case price.,"Healthier Helpful Hints. Marinades: Use in place of oil., Best served chilled., After opening, refrigerate contents in glass or plastic container., Shake well before serving."
 Best Sellers,"Dole Pineapple Juice, Can",46 fl oz • $0.11/fl oz,$4.99 ,"http://95.217.130.223:9000/instacart-product-images/large_f9fcbd92-83ea-41c7-9b31-434aed3b7bbb.png, http://95.217.130.223:9000/instacart-product-images/large_23b8b499-db2c-48ba-8e75-cb85e1802e99.png, http://95.217.130.223:9000/instacart-product-images/large_ac550285-52ef-44e8-be89-61ceffdff66a.png",Please note this product is for 1 unit. Please see promotion to purchase case price.,"Healthier Helpful Hints. Marinades: Use in place of oil., Best served chilled., After opening, refrigerate contents in glass or plastic container., Shake well before serving."
 Best Sellers,"Ferrero Rocher Premium Milk Chocolate Hazelnut, Chocolates for Gifting",21.2 oz • $0.94/oz,$19.99 ,"http://95.217.130.223:9000/instacart-product-images/large_2766594e-4591-4b8d-a245-89382a93ede3.jpg, http://95.217.130.223:9000/instacart-product-images/large_dea62229-2b5a-455d-aa45-e4858d44920a.jpg, http://95.217.130.223:9000/instacart-product-images/large_dd056c2d-0f7c-4f3e-9cc6-6127febdd627.jpg","Share the celebration with a 48-count box of Ferrero Rocher! This Ferrero Rocher milk chocolate gift box offers a unique taste experience of contrasting layers: a whole crunchy hazelnut in the heart and a delicious, creamy hazelnut filling surrounded with milk chocolate, crispy wafers and gently roasted hazelnut pieces. And thanks to its signature golden wrapper, Ferrero Rocher is even more unique and special. The iconic original. Celebrate the moment with Ferrero Rocher. Since the 1940s, Ferrero has delighted consumers with premium, one-of-a-kind chocolate treats. What began as a local pasticceria in Italy’s Piemonte region is now one of the world’s most popular confectioners, satisfying cravings in over 100 countries worldwide. Thanks to a commitment to quality, freshness and a unique taste experience, Ferrero continues to delight chocolate lovers all over the world., • Share the taste of Ferrero Rocher with this 48-count box, • Enjoy this rich, crispy, hazelnut and chocolate treat, • Ferrero chocolates are indulgent treats worth sharing, • These classic chocolates always deliver decadent taste, • Ferrero Rocher is always committed to quality and freshness","Please store in a cool, dry place at a temperature of 65 degrees F - 72 degrees F."
 Best Sellers,Country Crock Original Spread,5 lb • $0.10/oz,$7.99 ,"http://95.217.130.223:9000/instacart-product-images/large_ae3f02a4-e1c8-4e59-a449-5f03b465518d.png, http://95.217.130.223:9000/instacart-product-images/large_ad501ee9-2e40-4639-bb11-83c0530a7cd9.png, http://95.217.130.223:9000/instacart-product-images/large_4a5f40c1-c4b6-49e6-b1a8-fcfd446008ec.png",Please note this product is for 1 unit. Please see promotion to purchase case price.,Keep refrigerated. For best quality do not freeze.
 Best Sellers,Driscoll's Strawberries,1 lb • $0.31/oz,$4.99 ,http://95.217.130.223:9000/instacart-product-images/large_443ebde8-2aaf-4b78-87a5-5b1f01c5274e.jpg,Please note this product is for 1 unit. Please see promotion to purchase case price.,Keep refrigerated and rinse before use.
 Best Sellers,James Farm Heavy Cream 36%,32 oz • $0.25/oz,$7.99 ,http://95.217.130.223:9000/instacart-product-images/large_28b2e66c-f744-406c-9420-dd94eab8daa6.jpg,Please note this product is for 1 unit. Please see promotion to purchase case price.,-
 Best Sellers,Scotch-Brite Stainless Steel Scrubbers,12 ct • $0.75 each,$8.99 ,http://95.217.130.223:9000/instacart-product-images/large_8e3b20fe-aea7-41da-90c3-a5f0329a7e4a.png,Please note this product is for 1 unit. Please see promotion to purchase case price.,-
 Best Sellers,FIJI Natural Artesian Bottled Water,16.9 fl oz • 24 x 16.9 fl oz,$29.99 ,http://95.217.130.223:9000/instacart-product-images/large_d3c8f17b-d24a-47d2-bbb0-a7009300e824.png,"Case includes 24, 500mL (16.9oz) bottles of FIJI Water. The 500mL size is perfect for everyday on-the-go hydration. Its soft, smooth taste comes from its extraordinary source -- a protected artesian aquifer found deep underground in the remote Fiji Islands. FIJI Water is the choice of discerning top chefs, fine restaurants and hotels around the world.",-
 Best Sellers,"Stash Green Tea, Moroccan Mint, Bags",30 each • $0.19 each,$5.59 ,http://95.217.130.223:9000/instacart-product-images/large_ab3d2759-3b56-4d30-813e-e236749cd8fc.jpeg,Please note this product is for 1 unit. Please see promotion to purchase case price.,"Brew at: 1-3 min; 170 - 180 degrees F (77-82 degrees C); 8 fl oz (240 ml). For iced tea, use double the tea bags."
 Best Sellers,Dawn Manual Pot and Pan Dish Detergent,1 gal • $0.19/fl oz,$23.99 ,"http://95.217.130.223:9000/instacart-product-images/large_a2fbc841-caac-4bf3-b653-6d471899da50.png, http://95.217.130.223:9000/instacart-product-images/large_12e70494-350e-433b-afd2-7a387a05e698.png, http://95.217.130.223:9000/instacart-product-images/large_bf6b15bb-9402-4f85-817e-c30733d80aff.png",Please note this product is for 1 unit. Please see promotion to purchase case price.,"Pots, Pans, Dishes - Use 1-2 ounces of DAWN PROFESSIONAL per 10 gallon sink. For especially difficult jobs, use a higher concentration of detergent or dispense detergent directly onto scrubbing pad or wares. The DAWN PROFESSIONAL hand pump (one full stroke = 1 ounce of DAWN PROFESSIONAL) or DAWN PROFESSIONAL proportioner may be used. Make up a fresh sink when needed. Washed items should be thoroughly rinsed with potable water, sanitized with a properly concentrated sanitizer and allowed to air dry as part of a 3 step cleaning process. GENERAL PURPOSE CLEANING - Make a solution of 1 teaspoon DAWN PROFESSIONAL in a 2.5 gallon hand bucket of hot water. Wash and rinse."
 Best Sellers,James Farm Sour Cream,5 lb • $0.12/oz,$9.99 ,http://95.217.130.223:9000/instacart-product-images/large_ef389fc6-00d3-49a3-bbd8-d054c4552c80.jpg,Please note this product is for 1 unit. Please see promotion to purchase case price.,-
 Best Sellers,James Farm All Natural Dahi Whole Milk Yogurt,5 lb • $0.09/oz,$6.99 ,http://95.217.130.223:9000/instacart-product-images/large_a9df57ae-7f40-4b23-8ab4-e6b661a434cf.png,Please note this product is for 1 unit. Please see promotion to purchase case price.,-
 Best Sellers,Gatorade Thirst Quencher Sports Drink Variety Pack,20 fl oz • 24 x 20 fl oz,$22.99 ,"http://95.217.130.223:9000/instacart-product-images/large_c0ad92c1-fd86-4e0b-983b-a3f7ae114495.png, http://95.217.130.223:9000/instacart-product-images/large_a2ccfd7b-8540-4e25-8576-c95512a2848d.png, http://95.217.130.223:9000/instacart-product-images/large_0df7c7f0-b7ab-441e-8e86-597f9a46613d.png","With a legacy over 40 years in the making, it's the most scientifically researched and game-tested way to replace electrolytes lost in sweat.  Gatorade Thirst Quencher replenishes better than water, which is why it's trusted by some of the world's best athletes. ,  , • Contains critical electrolytes to help replace what's lost in sweat,  , • Top off with carbohydrate energy, your body's preferred source of fuel,  , • Tested in the lab and used by the pros,  , • 24 pack, 20 oz bottle",Best served chilled
 Best Sellers,"Vita Coco Coconut Water, The Original",11.1 fl oz • 12 x 11.1 fl oz,$17.99 ,http://95.217.130.223:9000/instacart-product-images/large_72e9e741-a0d6-46da-b23a-c9990907d1fb.png,"Full of nutrients, electrolytes, and vitamins that give you a boost, which makes it great for a lot of situations, like when you're thirsty and, well... mostly when you're thirsty.","Once opened, keep refrigerated and consume within 24 hours."
 Best Sellers,16/20 Count Peeled & Deveined Tail-Off Shrimp,2 lb • $0.56/oz,$17.99 ,http://95.217.130.223:9000/instacart-product-images/large_6f9ffd97-8caf-495f-8d3d-afafbcda8f2b.jpg,Please note this product is for 1 unit. Please see promotion to purchase case price.,-
 Best Sellers,Jumbo Yellow Onions - 50 lbs,50 lb • $0.03/oz,$24.99 ,http://95.217.130.223:9000/instacart-product-images/large_1108e1bd-aa97-4c47-b03b-830eefd3b584.png,-,-
 Best Sellers,Chef's Quality Chunk Lite Tuna in Water,66 oz • $0.18/oz,$11.99 ,http://95.217.130.223:9000/instacart-product-images/large_f0f580ab-1d6e-442f-bd37-128986c538fe.jpg,Please note this product is for 1 unit. Please see promotion to purchase case price.,-
 Best Sellers,"Stash Herbal Tea, Caffeine-Free, Chamomile",30 each • $0.19 each,$5.59 ,http://95.217.130.223:9000/instacart-product-images/large_f2841871-de26-48b6-8374-e11310f2c85c.jpeg,Please note this product is for 1 unit. Please see promotion to purchase case price.,"Brew at: 3-5 minutes, 190-210(degrees)F (88-99(degree)C), 8 fl oz (240 ml). For iced tea, use double the tea bags., Open to bring your taste buds to life."
 Best Sellers,Acme Smoked Fish Nova Smoked Salmon,16 oz • $1.75/oz,$27.99 ,http://95.217.130.223:9000/instacart-product-images/large_585e1258-3df3-4627-b82b-3e501ea9927e.png,Please note this product is for 1 unit. Please see promotion to purchase case price.,"Keep refrigerated at 38 degrees F or below., EZ peel., Once opened, enjoy your salmon within 5 days."
 Best Sellers,Sweet Baby Ray's Barbecue Sauce,1 gal • $0.12/fl oz,$15.99 ,"http://95.217.130.223:9000/instacart-product-images/large_b05ece22-a583-4b94-ab6f-50157edc9e17.png, http://95.217.130.223:9000/instacart-product-images/large_ef60aa88-86e9-48d3-b26e-ab1697840862.png, http://95.217.130.223:9000/instacart-product-images/large_afc817c2-01ec-493c-aded-651e05a13124.png",Please note this product is for 1 unit. Please see promotion to purchase case price.,"For best flavor, refrigerate after opening."
 Best Sellers,Chef's Quality Whole-Kernel Corn,10 oz • $0.90/oz,$8.99 ,http://95.217.130.223:9000/instacart-product-images/large_4f3bba68-6f3f-473e-81cd-900d0a5ab6f2.png,Please note this product is for 1 unit. Please see promotion to purchase case price.,-
 Best Sellers,James Farm Half & Half Cream,32 fl oz • 12 x 32 fl oz,$3.99 ,http://95.217.130.223:9000/instacart-product-images/large_d6401f87-a913-4fe3-aad1-f2b148b167b8.jpg,Please note this product is for 1 unit. Please see promotion to purchase case price.,-
 Best Sellers,"Bella Rosa Cracker Cut - Cheddar Cheese, Pepper Jack, Colby Jack Cheese)",1 lb • $0.81/oz,$12.99 ,http://95.217.130.223:9000/instacart-product-images/large_75bbb217-ddaf-4da1-ab56-0f2095d1c899.png,"Bella Rosa's Cracker Cut Trays are ready-to-serve slices that feature four European favorites; Irish Cheddar, Dutch Gouda, Danish Havarti, and German-Swiss Cheese. , , We've crafted the best combination of cheeses to enhance your next Event or family gathering! Building your next cheese board has always been complex; now, all you need to add to your spread is fresh bread, nuts, fruit, and wine. , , Cheesemaster’s Flavor Notes:, (Irish Cheddar) Slightly sweet, Medium-sharp flavor; (Dutch Gouda)Buttery and Nutty; (Danish Havarti) Slightly acidic,  buttery, and mild sweetness; (German Swiss) Sweet and Nutty, , WWW.BELLAROSACHEESE.COM",-
 Best Sellers,Starbucks Mocha Coffee Drink,9.5 fl oz • 15 x 9.5 fl oz,$26.99 ,"http://95.217.130.223:9000/instacart-product-images/large_4bdb3119-eafa-4c3f-8995-5d314aa7c615.png, http://95.217.130.223:9000/instacart-product-images/large_5338392c-6527-40c4-a3cc-60f158b25332.png, http://95.217.130.223:9000/instacart-product-images/large_74d7c9ac-a7ca-476c-818f-37934b871f11.png","You'll fulfill your coffee daydream in our Mocha Frappuccino coffee drink, a creamy blend of the finest Arabica coffee and milk, swirled together with our indulgent and chocolaty mocha.",-
 Best Sellers,James Farm Chopped Spinach,48 oz • $0.10/oz,$4.99 ,http://95.217.130.223:9000/instacart-product-images/large_00aa7625-4204-46ca-a47b-f05bd4b73372.png,Please note this product is for 1 unit. Please see promotion to purchase case price.,-
 Best Sellers,"Vita Coco Coconut Water, The Original",11.1 fl oz • 12 x 11.1 fl oz,$17.99 ,http://95.217.130.223:9000/instacart-product-images/large_72e9e741-a0d6-46da-b23a-c9990907d1fb.png,"Full of nutrients, electrolytes, and vitamins that give you a boost, which makes it great for a lot of situations, like when you're thirsty and, well... mostly when you're thirsty.","Once opened, keep refrigerated and consume within 24 hours."
 Best Sellers,Clorox Regular Concentrated Bleach,121 fl oz • $0.08/fl oz,$9.99 ,http://95.217.130.223:9000/instacart-product-images/large_41847dfd-a4e5-4f0c-8842-8642871ae5ee.jpg,Please note this product is for 1 unit. Please see promotion to purchase case price.,-
 Best Sellers,"Cheez-It Cheese Crackers, Baked Snack Crackers, Lunch Snacks, Original",45 ct • $0.44 each,$19.99 ,"http://95.217.130.223:9000/instacart-product-images/large_8658ab64-0a3b-4f3f-8557-0594998f0232.jpg, http://95.217.130.223:9000/instacart-product-images/large_d8fb7212-364f-4274-90cc-167f356541fb.jpg, http://95.217.130.223:9000/instacart-product-images/large_687c6704-f1b5-4cd9-a68d-6eb2c0b62307.jpg",", Outrageously cheesy and perfectly portable, these pouches of Cheez-It baked snack crackers contain deliciously crunchy little crackers that have captured cheese-lovers for decades. Discover a crowd-favorite snack made with 100% real cheese baked to crispy perfect for an irresistible taste in every crunchy bite. Each lightly salted crisp is loaded with a burst of cheesy flavor; Cheez-It baked snack crackers are an on-the-go fan-favorite for game night, school snacks, family movie nights, late-night snacking, and so much more, the cheesy options are endless. Delicious for all ages, grab a pouch of Cheez-It Original crackers for every family snacking moment. Whether you're packing them in school lunches, grabbing some for the office, or taking along on a road trip, you'll find a delicious, crisp snack that is filled with big cheese flavor. It’s no wonder that these bite-sized crackers have become a crowd-favorite, bringing smiles and that urge for just one more handful., • On-the-go snack pouches each packed with deliciously cheesy, light and crispy snack crackers made with 100% real cheese and a sprinkle of salt, • Ignite cravings with the crunchy bite and bold cheese flavor found in each and every Cheez-It cracker; Want It, Need It, Cheez-It, • Made with 100% real cheese aged for a bold taste; Kosher Dairy; Contains wheat, milk, and soy ingredients, • An on-the-go snack; Ideal for road trips, lunch snacks, at the game, or as an afternoon snack; Pack in lunchboxes and backpacks​, • Includes 1, 67.5oz box containing 45, 1.5oz individually wrapped packs of ready-to-eat snack crackers; Packaged for freshness and great taste",Ready to Eat
 Best Sellers,San Pellegrino Aranciata Rossa & Limonata,26 oz • 130 x 26 oz,$28.99 ,"http://95.217.130.223:9000/instacart-product-images/large_6c7fc7da-5fcb-45c1-9c55-4db92d0b6ff9.jpg, http://95.217.130.223:9000/instacart-product-images/large_0f9311b5-8000-4fed-bebe-cb0ee0b5c729.jpg, http://95.217.130.223:9000/instacart-product-images/large_beed6b9e-def0-4a58-89be-9b2b5ca6b6d5.jpg","Made With Ingredients From Natural Origin, Italian Fruits, Now With Aranciata Rossa!, 24 Cans X 330Ml, Aranciata Rossa 2X6 Pack, Limonata 2X6 Pack",-
 Best Sellers,Chef's Quality Liquid Butter Alternative,1 gal • $0.11/fl oz,$13.99 ,http://95.217.130.223:9000/instacart-product-images/large_47aac899-1085-4167-9617-c1daa1b07b0b.jpg,Please note this product is for 1 unit. Please see promotion to purchase case price.,-
 Best Sellers,Canada Dry Ginger Ale,12 fl oz • 24 x 12 fl oz,$14.99 ,http://95.217.130.223:9000/instacart-product-images/large_51d632d8-3af6-4bb1-ab5e-7994feae26b3.png,"Sip into your comfort zone with the refreshing taste of Canada Dry Ginger Ale. There comes a time when we all need a break from the treadmill of life, and there’s only one thing to do during those moments when we need an escape from stresses and obligations... Grab an ice-cold can of Canada Dry Ginger Ale, and sip into your comfort zone. Whether that means you’re sitting on your front porch swing, listening to your favorite podcast or just taking a quiet moment for yourself, Canada Dry is the perfect ginger ale to make it even better. And it's caffeine free! Once transported to the comfort zone, you can enjoy refreshing ginger taste made with only high quality ingredients, soothing you with each comforting sip. For over 100 years, Canada Dry has been creating quality carbonated beverages and mixers that can be enjoyed at any time of day. There are so many ways you can enjoy the great taste of Canada Dry Ginger Ale. You can make delicious cocktails like a Moscow Mule in a cold copper cup, or simply sit back and relax with a Canada Dry Ginger Ale over ice all by itself. So grab an ice-cold can of Canada Dry, sink into your favorite chair, and sip into the comfort zone.",-
 Best Sellers,Supremo Italiano Whole Milk Cheese Ricotta,3 lb • $0.12/oz,$5.99 ,http://95.217.130.223:9000/instacart-product-images/large_2071b9d9-ce7c-487d-9594-cde49f5200d7.png,Please note this product is for 1 unit. Please see promotion to purchase case price.,-
 Best Sellers,Planet Oat Original Oatmilk,52 fl oz • $0.08/fl oz,$3.99 ,"http://95.217.130.223:9000/instacart-product-images/large_b261f8f4-ed76-477a-a6bf-7fb44f2e16d0.jpg, http://95.217.130.223:9000/instacart-product-images/large_50475850-42e9-402b-abcd-263785e680db.jpg, http://95.217.130.223:9000/instacart-product-images/large_3f9c7248-1b5d-405f-b1fc-d898f080094c.jpg",Please note this product is for 1 unit. Please see promotion to purchase case price.,Shake well.
 Best Sellers,"Brisk Iced Tea, Lemon",12 fl oz • 36 x 12 fl oz,$19.99 ,"http://95.217.130.223:9000/instacart-product-images/large_14024613-a0f1-4af1-a91a-58b0d683640e.png, http://95.217.130.223:9000/instacart-product-images/large_d2025816-33c9-4e06-b4f4-9effdb2545e6.png, http://95.217.130.223:9000/instacart-product-images/large_4951d77f-dca8-4db8-8c08-1fc9257c8086.png",Artist: JT Daniels. Please recycle. Refresh then recycle.,Best taste drink by date.
 Best Sellers,Chef's Quality 100% Premium Durum Semolina Elbow Pasta,10 lb • $0.14/oz,$22.99 ,http://95.217.130.223:9000/instacart-product-images/large_898e00ac-e3f6-4ad3-bd28-bf65d5d6f80c.png,-,-
 Best Sellers,Royal White Basmati Rice,20 lb • $0.07/oz,$22.99 ,"http://95.217.130.223:9000/instacart-product-images/large_d1ab522f-1020-43ad-b664-ffbbd22431a3.jpg, http://95.217.130.223:9000/instacart-product-images/large_3624b293-4ecd-4d1c-b862-49f87e0a5aee.jpg, http://95.217.130.223:9000/instacart-product-images/large_c924ed72-eafb-4721-9e3f-abd18b328f09.jpg",", Royal White Basmati Rice is a versatile ingredient for all of your meals. Brought to you by Royal, America's #1 best-selling Basmati rice, our long grain white rice is truly authentic from the foothills of the Himalayan Mountains. The harmony of climate, fertile soil, and pure spring water produce this extraordinary, delicate-tasting grain. Our naturally-aromatic long grain rice is harvested by India's most expert farmers and is aged in temperature-monitored silos for the perfect non-sticky texture and fullest flavor. It is easy to cook on the stovetop, microwave, oven, or rice cooker and can be used in a wide variety of main and side dishes, including curry, pilaf, and other recipes., • Long and fluffy, naturally aromatic, long grain Basmati bulk rice, • Aged for perfect non-sticky texture and delicate, sweet flavor, • Great for curries, pilafs, stir-fries, or as a side on it's own, • Ready in less than 15 minutes, • Sourced from local growers in Himalayan regions renowned for producing the finest crops","Cooking Instructions: 1 cup Royal Rice, 2 cup water. Stove Top Method: Bring 2 cups of water to a boil in sauce pan with tight fitting lid. Once the water is boiling, add 1 cup of Royal Basmati Rice, cover and reduce heat to a simmer. Cook for 15-20 minutes, or until water is absorbed. Once cooked, fluff the rice with a fork and serve while still hot. Rice Cooker Method: Use ratio: 1 cup rice to 2 cups water. See rice cooker manual for specific operation. Once cooked, fluff the rice with a fork and serve while still hot. Microwave Method: (1200-Watt rating): Combine 1 cup rice and 2-1/2 cups water in a microwave-safe container (2 qts minimum capacity). Cover tightly with microwave-safe lid and cook on high power setting for 20 minutes Remove from microwave. Once cooked, fluff the rice with a fork and serve while still hot. Caution. Container will be hot. Microwave ovens may vary. Cooking times are approximate. Adjust cooking time as needed., Store in cool, dry place."
 Best Sellers,Lactaid Whole Milk,0.5 gal • $0.08/fl oz,$4.99 ,"http://95.217.130.223:9000/instacart-product-images/large_c5f4fc93-e04b-44de-9dbe-fa5210b67559.jpg, http://95.217.130.223:9000/instacart-product-images/large_054a7621-d611-48f2-8645-dc86e68316de.jpg, http://95.217.130.223:9000/instacart-product-images/large_ff31b24e-5828-4a68-afe6-ac9ec1389fcb.jpg",Please note this product is for 1 unit. Please see promotion to purchase case price.,Shake well before serving.
 Best Sellers,Red Bull Energy Drink,16 fl oz • 12 x 16 fl oz,$45.99 ,"http://95.217.130.223:9000/instacart-product-images/large_86b628ba-45ef-4b25-896d-516d052f20be.jpg, http://95.217.130.223:9000/instacart-product-images/large_845a9002-c127-455d-a992-906baac80ca7.jpg, http://95.217.130.223:9000/instacart-product-images/large_b973a220-cf12-48d0-9606-3ed581167da9.jpg","Red Bull Energy Drink Gives You Wiiings Whenever You Need Them. Red Bull Is A Lightly Carbonated Energy Drink With An Impeccable Blend Of Caffeine, Taurine, B Vitamins, Real Sugar And Water. With 210 Calories Per 16 Fl Oz Can, Red Bull Is Great For Any Occasion. While Aiming For Great Heights During Your Workday, In Your Workouts Or When Gaming, Why Not Crack Open A Refreshing Can Of Red Bull? Drink Red Bull Straight From The Can Or Enjoy In A Glass Over Ice. This Can Of Red Bull Will Keep You Ready For Any Occasion, Whether It’S Hanging With Friends, Watching The Game Or Going On A Road Trip. Be Ready For The Big Moments With A Can Of Red Bull. Store This Can Of Red Bull At Room Temperature Or Toss It In The Fridge. Red Bull Gives You Wiiings. Always Check Can Labels For Most Updated Product Nutritional And Ingredient Information. Calcium And Sugars Values Declared On Labels May Vary Slightly Depending On Production Locations.",-
 Best Sellers,Red Bull Energy Drink,8.4 fl oz • 24 x 8.4 fl oz,$46.99 ,"http://95.217.130.223:9000/instacart-product-images/large_6b2b56bc-9406-48f4-a1e9-d2d76ca246bf.jpg, http://95.217.130.223:9000/instacart-product-images/large_e60683fe-0ee0-49a7-8131-d1de99f090d6.jpg, http://95.217.130.223:9000/instacart-product-images/large_a89f7ade-455d-488e-8f98-7c28f2a356e1.jpg","Red Bull Energy Drink Gives You Wiiings Whenever You Need Them. Red Bull Is A Lightly Carbonated Energy Drink With An Impeccable Blend Of Caffeine, Taurine, B Vitamins, Real Sugar And Water. With 110 Calories Per 8.4 Fl Oz Can, Red Bull Is Great For Any Occasion. While Aiming For Great Heights During Your Workday, In Your Workouts Or When Gaming, Why Not Crack Open A Refreshing Can Of Red Bull? Drink Red Bull Straight From The Can Or Enjoy In A Glass Over Ice. This 24-Pack Of Red Bull Will Keep You Stocked For Any Occasion, Whether It’S Hanging With Friends, Watching The Game Or Going On A Road Trip. Be Ready For The Big Moments With A Can Of Red Bull. Store These Cans Of Red Bull At Room Temperature Or Toss Them In The Fridge. Red Bull Gives You Wiiings. Always Check Can Labels For Most Updated Product Nutritional And Ingredient Information. Calcium And Sugars Values Declared On Labels May Vary Slightly Depending On Production Locations.",-
 Best Sellers,Gatorade Thirst Quencher Sports Drink Variety Pack,20 fl oz • 24 x 20 fl oz,$22.99 ,"http://95.217.130.223:9000/instacart-product-images/large_c0ad92c1-fd86-4e0b-983b-a3f7ae114495.png, http://95.217.130.223:9000/instacart-product-images/large_a2ccfd7b-8540-4e25-8576-c95512a2848d.png, http://95.217.130.223:9000/instacart-product-images/large_0df7c7f0-b7ab-441e-8e86-597f9a46613d.png","With a legacy over 40 years in the making, it's the most scientifically researched and game-tested way to replace electrolytes lost in sweat.  Gatorade Thirst Quencher replenishes better than water, which is why it's trusted by some of the world's best athletes. ,  , • Contains critical electrolytes to help replace what's lost in sweat,  , • Top off with carbohydrate energy, your body's preferred source of fuel,  , • Tested in the lab and used by the pros,  , • 24 pack, 20 oz bottle",Best served chilled
 Best Sellers,Sprite Lemon Lime Soda Soft Drinks,12 fl oz • 35 x 12 fl oz,$24.99 ,"http://95.217.130.223:9000/instacart-product-images/large_e0c545da-f261-4b48-b505-ab8e79efc46a.jpg, http://95.217.130.223:9000/instacart-product-images/large_59ea126e-48b1-4aec-bdb0-de91518a2976.jpg, http://95.217.130.223:9000/instacart-product-images/large_7ff8f1b4-260c-4873-8e11-6ac360efd4b9.jpg","Designers, artists, musicians, athletes. Tastemakers, changemakers and trend-setters. They’ve all got something in common—a thirst. For cutting through the noise with a perspective all their own. And Sprite helps them quench that thirst., It’s a one-of-a-kind, citrus soda that’s got a lemon-lime flavor made with cut through refreshment, making sure you’re ready to leave your mark., How? By keeping it real. Just like you do, an iconic flavor, and whatever you can think of next.​ It’s all you need to pursue your passions—a moment to take a sip, refresh your senses, and get back to pushing the boundaries wherever you go., Sprite has been the clear choice for lemon-lime soda lovers since 1961. It’s made with 100% natural flavors and comes in a variety of sizes and flavors, leaving something for everyone., So, pick up a 12oz can 35 pack of caffeine-free Sprite soda today and make your mark., ,  • Quench your thirst with refreshing Sprite soda​,  • Clear, crisp lemon-lime soda will keep you invigorated and inspired​,  • A delicious citrus taste that knows how to keep things cool​,  • Caffeine-free, full of 100% natural flavors,  • 12 fl oz can 35 pack to help you cut through the noise",-
 Best Sellers,Sprite Lemon Lime Soda Soft Drinks,12 fl oz • 35 x 12 fl oz,$24.99 ,"http://95.217.130.223:9000/instacart-product-images/large_e0c545da-f261-4b48-b505-ab8e79efc46a.jpg, http://95.217.130.223:9000/instacart-product-images/large_59ea126e-48b1-4aec-bdb0-de91518a2976.jpg, http://95.217.130.223:9000/instacart-product-images/large_7ff8f1b4-260c-4873-8e11-6ac360efd4b9.jpg","Designers, artists, musicians, athletes. Tastemakers, changemakers and trend-setters. They’ve all got something in common—a thirst. For cutting through the noise with a perspective all their own. And Sprite helps them quench that thirst., It’s a one-of-a-kind, citrus soda that’s got a lemon-lime flavor made with cut through refreshment, making sure you’re ready to leave your mark., How? By keeping it real. Just like you do, an iconic flavor, and whatever you can think of next.​ It’s all you need to pursue your passions—a moment to take a sip, refresh your senses, and get back to pushing the boundaries wherever you go., Sprite has been the clear choice for lemon-lime soda lovers since 1961. It’s made with 100% natural flavors and comes in a variety of sizes and flavors, leaving something for everyone., So, pick up a 12oz can 35 pack of caffeine-free Sprite soda today and make your mark., ,  • Quench your thirst with refreshing Sprite soda​,  • Clear, crisp lemon-lime soda will keep you invigorated and inspired​,  • A delicious citrus taste that knows how to keep things cool​,  • Caffeine-free, full of 100% natural flavors,  • 12 fl oz can 35 pack to help you cut through the noise",-
 Best Sellers,Sprite Lemon Lime Soda Soft Drinks,12 fl oz • 35 x 12 fl oz,$24.99 ,"http://95.217.130.223:9000/instacart-product-images/large_e0c545da-f261-4b48-b505-ab8e79efc46a.jpg, http://95.217.130.223:9000/instacart-product-images/large_59ea126e-48b1-4aec-bdb0-de91518a2976.jpg, http://95.217.130.223:9000/instacart-product-images/large_7ff8f1b4-260c-4873-8e11-6ac360efd4b9.jpg","Designers, artists, musicians, athletes. Tastemakers, changemakers and trend-setters. They’ve all got something in common—a thirst. For cutting through the noise with a perspective all their own. And Sprite helps them quench that thirst., It’s a one-of-a-kind, citrus soda that’s got a lemon-lime flavor made with cut through refreshment, making sure you’re ready to leave your mark., How? By keeping it real. Just like you do, an iconic flavor, and whatever you can think of next.​ It’s all you need to pursue your passions—a moment to take a sip, refresh your senses, and get back to pushing the boundaries wherever you go., Sprite has been the clear choice for lemon-lime soda lovers since 1961. It’s made with 100% natural flavors and comes in a variety of sizes and flavors, leaving something for everyone., So, pick up a 12oz can 35 pack of caffeine-free Sprite soda today and make your mark., ,  • Quench your thirst with refreshing Sprite soda​,  • Clear, crisp lemon-lime soda will keep you invigorated and inspired​,  • A delicious citrus taste that knows how to keep things cool​,  • Caffeine-free, full of 100% natural flavors,  • 12 fl oz can 35 pack to help you cut through the noise",-
 Best Sellers,San Pellegrino Sparkling Natural Mineral Water,25.3 fl oz • 15 x 25.3 fl oz,$29.99 ,"http://95.217.130.223:9000/instacart-product-images/large_4e415de9-9d5f-4fde-8d3f-7da4eb6f3726.jpg, http://95.217.130.223:9000/instacart-product-images/large_610fce7c-7d27-415c-afe1-6b0d75e3b89c.jpg, http://95.217.130.223:9000/instacart-product-images/large_38780702-7f3d-400b-8550-0626efa67b8e.jpg","Embrace The Spirit Of Italian Living With S.Pellegrino Sparkling Natural Mineral Water. While Moving Through The San Pellegrino Terme Area At The Foothills Of The Italian Alps, This Water Mineralizes Through Contact With Underground Rocks, Naturally Enriching S.Pellegrino With Mineral Salts, Calcium And Magnesium. The Addition Of Carbon Dioxide To The Italian Mineral Water Enhances S.Pellegrino, Providing Its Unmistakable Taste And Gentle Bubbles. Each Serving In This Case Of Water Is Low In Sodium And Contains Zero Calories With No Artificial Colors, Flavors Or Sweeteners. Elevate Your Next Homemade Meal With This Italian Sparkling Mineral Water, Enjoy While You’Re Out On The Town, Or Indulge During Any Of Life’S Delicious Moments. Unflavored Sparkling Water Perfectly Complements The Flavors Of Your Favorite Foods, Making It A Favorite Of Chefs And Foodies Alike. Enhance Your Moments With S.Pellegrino Sparkling Natural Mineral Water., , • Includes fifteen 25.3 fl oz glass bottles of S.Pellegrino Sparkling Natural Mineral Water, • This bottled sparkling water offers unmistakable taste and gentle bubbles, • S.Pellegrino sparkling mineral water is low in sodium and contains zero calories with no artificial colors, flavors or sweeteners, • Perfect for any of life’s delicious moments, this unflavored sparkling water complements the flavors of your favorite foods and is perfect for a night out on the town, • Each glass bottle in this sparkling water 15 pack is ideal for serving with meals shared by friends","Store In A Clean, Cool, Dry And Odorless Place Away From Direct Sunlight And Freezing Temperatures."
 Best Sellers,San Pellegrino Sparkling Natural Mineral Water,16.9 fl oz • 24 x 16.9 fl oz,$27.99 ,"http://95.217.130.223:9000/instacart-product-images/large_0ffc8bfa-9ee9-46bf-a501-9e0e334cb082.jpg, http://95.217.130.223:9000/instacart-product-images/large_a1984658-0879-4b41-aae9-1174ffda6154.jpg, http://95.217.130.223:9000/instacart-product-images/large_ec68e122-3c7d-4047-89c1-f5e1b5462387.jpg","• Includes twenty-four 16.9 fl oz (0.5 L) plastic bottles of S.Pellegrino Sparkling Natural Mineral Water, • This Italian mineral water offers unmistakable taste and gentle bubbles, • S.Pellegrino sparkling mineral water contains zero calories, with no artificial colors, flavors, or sweeteners, • Perfect for any of life’s delicious moments, this unflavored sparkling water complements the flavors of your favorite foods and is perfect for a night out on the town, • S.Pellegrino PET plastic bottles are ideal for on-the-go, • Enhance your moments with S.Pellegrino Sparkling Natural Mineral Water, • SNAP and EBT Eligible item, , Embrace The Spirit Of Italian Living With S.Pellegrino Sparkling Natural Mineral Water. This Sparkling Mineral Water Contains Zero Calories, With No Artificial Colors, Flavors, Or Sweeteners. Elevate Your Next Homemade Meal With This Italian Sparkling Mineral Water, Enjoy While You’Re Out On The Town, Or During Any Of Life’S Delicious Moments. Unflavored Sparkling Water Perfectly Complements The Flavors Of Your Favorite Foods, Making It A Favorite Of Chefs And Foodies Alike. Enhance Your Moments With S.Pellegrino Sparkling Natural Mineral Water.","Store In A Clean, Cool, Dry And Odorless Place, Away From Direct Sunlight And Freezing Temperatures."
 Best Sellers,San Pellegrino Sparkling Natural Mineral Water,250 ml • 24 x 250 ml,$24.99 ,"http://95.217.130.223:9000/instacart-product-images/large_a518318b-36f5-4781-be1b-d52fbc231e81.jpg, http://95.217.130.223:9000/instacart-product-images/large_50e1d07a-fc23-4edb-ac07-76c5b0d8ba2f.jpg, http://95.217.130.223:9000/instacart-product-images/large_10a9e79f-c9c8-4078-bdc8-a25d6a5538e1.jpg","• Includes twenty-four 8.45 fl oz glass bottles of S.Pellegrino Sparkling Natural Mineral Water, • This bottled sparkling water offers unmistakable taste and gentle bubbles, • S.Pellegrino sparkling mineral water is low in sodium and contains zero calories with no artificial colors, flavors or sweeteners, • Perfect for any of life’s delicious moments, this unflavored sparkling water complements the flavors of your favorite foods and is perfect for a night out on the town, • Each glass bottle in this sparkling water 24 pack is ideal for serving with meals shared by friends, • Enhance your moments with S.Pellegrino Sparkling Natural Mineral Water, • SNAP and EBT Eligible item, , Embrace The Spirit Of Italian Living With S.Pellegrino Sparkling Natural Mineral Water. While Moving Through The San Pellegrino Terme Area At The Foothills Of The Italian Alps, This Water Mineralizes Through Contact With Underground Rocks, Naturally Enriching S.Pellegrino With Mineral Salts, Calcium And Magnesium. The Addition Of Carbon Dioxide To The Italian Mineral Water Enhances S.Pellegrino, Providing Its Unmistakable Taste And Gentle Bubbles. Each Serving In This Case Of Water Is Low In Sodium And Contains Zero Calories With No Artificial Colors, Flavors Or Sweeteners. Elevate Your Next Homemade Meal With This Italian Sparkling Mineral Water, Enjoy While You’Re Out On The Town, Or Indulge During Any Of Life’S Delicious Moments. Unflavored Sparkling Water Perfectly Complements The Flavors Of Your Favorite Foods, Making It A Favorite Of Chefs And Foodies Alike. Enhance Your Moments With S.Pellegrino Sparkling Natural Mineral Water.","Store In A Clean, Cool, Dry And Odorless Place, Away From Direct Sunlight And Freezing Temperatures."
 Best Sellers,Sabor Nuestro Frozen Sabor Nuestro - Sliced Sweet Plantains - 4/5 lbs,5 lb • $0.15/oz,$11.99 ,http://95.217.130.223:9000/instacart-product-images/large_caef6857-a9ab-4724-a5ba-3cbc6122c011.png,Please note this product is for 1 unit. Please see promotion to purchase case price.,-
 Best Sellers,Sunset #4 Kraft Takeout To-Go Container,160 ct • $0.31 each,$48.99 ,http://95.217.130.223:9000/instacart-product-images/large_9edcf0d8-218f-481a-a5c8-bbe3222a1cd9.png,Please note this product is for 1 unit. Please see promotion to purchase case price.,-
 Best Sellers,James Farm Whole Eggs,2 lb • $0.12/oz,$3.99 ,http://95.217.130.223:9000/instacart-product-images/large_13b02c14-6040-4750-9897-1aba29acb734.jpg,Please note this product is for 1 unit. Please see promotion to purchase case price.,-
 Best Sellers,Pepsi Cola,12 fl oz • 36 x 12 fl oz,$19.99 ,"http://95.217.130.223:9000/instacart-product-images/large_e9aa796b-b742-457b-9af2-01a6db9cd2e4.png, http://95.217.130.223:9000/instacart-product-images/large_c6775648-c2bc-4ad6-8dbe-11150fe05432.png, http://95.217.130.223:9000/instacart-product-images/large_89754da4-c26b-420e-818a-e4beef27cfbb.png","Pepsi - the bold, refreshing, robust cola ,  , • 12 oz,  , • 36 pk",Best served chilled or over ice
 Best Sellers,"Angostura Aromatic Bitters, Cocktail Bitters",6.7 fl oz,$19.99 ,"http://95.217.130.223:9000/instacart-product-images/large_c2e803d7-a7aa-4fd0-b43d-23a9a36dc8d8.jpg, http://95.217.130.223:9000/instacart-product-images/large_8ed326fb-8838-4d43-841c-e38291f55e45.jpg, http://95.217.130.223:9000/instacart-product-images/large_63aa8f44-4213-450f-81dd-051aa5a8634e.jpg",Please note this product is for 1 unit. Please see promotion to purchase case price.,"Fruits: For cooked or canned fruits add 2-3 dashes Angostura or flavor to taste. Salads: Blend 2 or 3 dashes Angostura with each cup of mayonnaise, French or other dressings. Pies: Add 4 or 5 dashes per cup of mince meat or pumpkin filling. 1 or 2 dashes to apple or other fruit. Soups: Add 1 or 2 dashes Angostura to each serving of canned or frozen soups, fish chowder, bisques and chicken soups. Stir in at last minute."
 Best Sellers,Essentia Bottled Water,33.8 fl oz • 12 x 33.8 fl oz,$22.99 ,"http://95.217.130.223:9000/instacart-product-images/large_413741ae-c3fd-47aa-b902-93ec0836a095.jpg, http://95.217.130.223:9000/instacart-product-images/large_d61ddbcc-50e2-4810-840f-a7cd68d7aa7a.jpg, http://95.217.130.223:9000/instacart-product-images/large_a87e7515-5509-4822-9c87-33e7e820d167.jpg","Essentia Water Is Supercharged Ionized Alkaline Water So You Can Do The Things That Matter Most To You And Stop For Nothing. Essentia’S Proprietary Three-Step Ionization Process Produces Overachieving H2O That’S 99.9% Pure With A Ph Of 9.5 Or Higher And A Clean, Smooth Taste. Step 1: Unwanted Particles Are Removed Through Microfiltration And Reverse Osmosis, Making Essentia 99.9% Pure. Step 2: The Water Is Infused With Trace Amounts Of Electrolytes; Not Just For Taste, But To Better Complement The Body’S Natural Mix. Step 3: Bitter-Tasting Acidic Ions Are Removed, Creating A High Alkaline Water With Ph Levels Of 9.5 Or Higher. Available In A Variety Of Sizes, Essentia Water Bottles Are Recyclable, Bpa-Free Plastic Bottles Available In Cases And Multi-Packs. This Sturdy 12-Pack Case Of 1-Liter Bottles Is Designed To Stack Easily In The Home, Office, Or Personal Vehicle For On-The-Go Hydration., , • ESSENTIA WATER 12-PACK: Twelve 1L (33.8 Oz) Essentia Water bottles of ionized alkaline water that’s 99.9% pure with a pH of 9.5 or higher and a clean, smooth taste — so you can stop for nothing., • 99.9% PURE: Essentia Water is purified with micro filtration and reverse osmosis technology, resulting in Overachieving H2O that is 99.9% pure., • ENHANCED WITH ELECTROLYTES: Our proprietary blend of electrolytes is added not only for taste, but to complement the body's natural mix., • IONIZED HYDRATION: Our proprietary ionization process produces clean, smooth-tasting 9.5 pH water by removing bitter-tasting acidic ions., • TAKE HYDRATION TO THE NEXT LEVEL: Essentia Water is Supercharged Ionized Alkaline Water. So you can do what matters most to you and stop for nothing.",-
 Bakery desserts,"8"" Corrugated Circle Gold Cake",1 each,$13.99 ,http://95.217.130.223:9000/instacart-product-images/large_fd665498-9eac-4962-95fe-b3608a723b87.jpg,Please note this product is for 1 unit. Please see promotion to purchase case price.,-
 Bakery desserts,"Chef's Quality 14"" Single Layer Cream Cheese Icing Carrot Cake",1 each,$25.99 ,http://95.217.130.223:9000/instacart-product-images/large_ce6ed72a-0bd7-40c7-9510-ddc722522fe7.jpg,Please note this product is for 1 unit. Please see promotion to purchase case price.,-
 Bakery desserts,Ruggero's Bake Shop Fancy Assortment Cookies,14 oz • $0.43/oz,$5.99 ,http://95.217.130.223:9000/instacart-product-images/large_b0602c4a-0cda-461e-87cb-49dac84b22fb.png,Please note this product is for 1 unit. Please see promotion to purchase case price.,-
 Bakery desserts,Amato Family Bakery A & M Heros,18 oz • $0.28/oz,$4.99 ,http://95.217.130.223:9000/instacart-product-images/large_052c82ee-21a4-4773-b3e4-eeb88c4ab2f1.png,-,-
 Bakery desserts,Drake's Apple Fruit Pies,17.47 oz • $0.80/oz,$13.99 ,http://95.217.130.223:9000/instacart-product-images/large_bac26ac2-1248-4555-a827-452dfbb3c8f7.jpeg,-,-
 Bakery desserts,Tastee Caramel Apple,3 oz • $0.66/oz,$1.99 ,http://95.217.130.223:9000/instacart-product-images/large_51d05e0b-276b-4dca-861d-f6fa3f2ec61f.png,Please note this product is for 1 unit. Please see promotion to purchase case price.,-
 Bakery desserts,"Chef's Quality 14"" Sliced Oreo Mousse Cake",2 ct • $15.00 each,$29.99 ,http://95.217.130.223:9000/instacart-product-images/large_9129f827-0c92-4549-9360-f971b6963d14.png,Please note this product is for 1 unit. Please see promotion to purchase case price.,-
 Bakery desserts,PFM Taffy Apple,1 ct,$15.99 ,http://95.217.130.223:9000/instacart-product-images/large_435853c6-1833-45b9-9e54-ddb69b35ce89.jpg,Please note this product is for 1 unit. Please see promotion to purchase case price.,-
 Bakery desserts,Supremo Italiano Cannoli Cream Bags,1.5 lb • 4 x 1.5 lb,$29.99 ,http://95.217.130.223:9000/instacart-product-images/large_62517d03-37ef-4b79-acb8-3cb2b7745588.png,-,-
 Bakery desserts,Frozen Lemon Bars,24 ct • $1.58 each,$37.99 ,http://95.217.130.223:9000/instacart-product-images/large_eb1b6f70-d3af-4221-969f-dae79184bfd1.jpg,Please note this product is for 1 unit. Please see promotion to purchase case price.,-
 Bakery desserts,Ruggero's Bake Shop Party Assortment,40 oz • $0.50/oz,$19.99 ,http://95.217.130.223:9000/instacart-product-images/large_3da1b08c-6c83-4cd9-ab20-d3de3ff64d8e.png,Please note this product is for 1 unit. Please see promotion to purchase case price.,-
 Bakery desserts,Daisy's Bakery Roll Cake,3.25 oz • $4.92/oz,$15.99 ,http://95.217.130.223:9000/instacart-product-images/large_e4d27410-9c9d-4a8a-b4c0-f664255bd8b6.png,-,-
 Bakery desserts,Daisy's 4-Ounce Chocolate Chip Supreme Cookie,3 oz • $5.00/oz,$14.99 ,http://95.217.130.223:9000/instacart-product-images/large_7e66841b-2b68-416e-8172-b31780c05db6.jpg,-,-
 Bakery desserts,Daisy's Bakery Marble Pound Cake,1 each,$14.99 ,http://95.217.130.223:9000/instacart-product-images/large_89c4796b-e4d6-49bf-988b-81006c9188aa.jpg,-,-
 Bakery desserts,Supremo Italiano Small Cannoli Shells,120 ct • $0.29 each,$34.99 ,http://95.217.130.223:9000/instacart-product-images/large_871ab81d-c4f9-45ef-ad2e-565561d634f4.png,-,-
 Bakery desserts,Supremo Italiano Large Cannoli Shells,48 ct • $0.54 each,$25.99 ,http://95.217.130.223:9000/instacart-product-images/large_6099809c-9a8f-4d26-a5c1-3716c23b7108.png,-,-
 Bakery desserts,Sara Lee Pound Cake Loaf,16 oz • $0.44/oz,$6.99 ,http://95.217.130.223:9000/instacart-product-images/large_f343389c-bd98-4db9-9408-02245fb0f5b1.jpg,Please note this product is for 1 unit. Please see promotion to purchase case price.,-
 Bakery desserts,Supremo Italiano Cantucci D'Abruzzo Almond Biscotti,125 ct • $0.16 each,$19.99 ,http://95.217.130.223:9000/instacart-product-images/large_9cd6d535-a3e6-4ad6-81c7-e08650d055ae.png,-,-
 Bakery desserts,Daisy's Black & White Supreme,4 oz • $3.75/oz,$14.99 ,http://95.217.130.223:9000/instacart-product-images/large_76252e01-97e3-467c-beac-68f76db3968d.png,-,-
 Bakery desserts,Ruggero's Bake Shop Italian Biscuits,16 oz • $0.37/oz,$5.99 ,http://95.217.130.223:9000/instacart-product-images/large_54df2305-8b74-4626-bc2b-64bc2e3b6917.png,Please note this product is for 1 unit. Please see promotion to purchase case price.,-
 Bakery desserts,Tiramisu with Mascarpone Cake,2.05 kg • $2.19/100g,$44.99 ,http://95.217.130.223:9000/instacart-product-images/large_44925558-52f0-4d48-b4d7-a1a8256895f1.jpg,-,-
 Bakery desserts,Chef's Quality Large 14 Slice Tiramisu Cake,1 each,$33.99 ,http://95.217.130.223:9000/instacart-product-images/large_be1602d3-ab55-477c-9bda-77e4ebb578d8.jpg,Please note this product is for 1 unit. Please see promotion to purchase case price.,-
 Bakery desserts,La Dolce Vita Italian Almond Biscotti,964 g • $1.66/100g,$15.99 ,http://95.217.130.223:9000/instacart-product-images/large_5298277b-4328-4a76-8a94-e826639dfa83.jpg,Please note this product is for 1 unit. Please see promotion to purchase case price.,-
 Bakery desserts,Sabor Nuestro FZ AREPA CON QUESO 12/7.2,7.2 oz • 12 x 7.2 oz,$24.99 ,http://95.217.130.223:9000/instacart-product-images/large_e14f0547-103a-404e-94fc-6adf860e9da4.png,-,-
 Bakery desserts,Daisy's Bakery Iced Gourmet Lemon Pound Cake,5 oz • $3.00/oz,$14.99 ,http://95.217.130.223:9000/instacart-product-images/large_f84fe18f-b0a4-4ada-b436-9076b16b4af5.jpg,-,-
 Bakery desserts,Ruggero's Bake Shop Traditional Macaroons,9 oz • $0.67/oz,$5.99 ,http://95.217.130.223:9000/instacart-product-images/large_dda9ec93-b24a-4338-aaf4-bd5e4f5980d0.jpg,Please note this product is for 1 unit. Please see promotion to purchase case price.,-
 Bakery desserts,Giordano Imported Sfogliatelle,24 ct • $1.37 each,$32.99 ,http://95.217.130.223:9000/instacart-product-images/large_bb4c4622-faaf-4a68-ab70-2f048753fbe4.png,-,-
 Bakery desserts,Chef's Quality 14-Slice Toasted Almond Cake,1 each,$36.99 ,http://95.217.130.223:9000/instacart-product-images/large_ea63c137-e362-4b69-8e0b-5e787427aaa6.png,Please note this product is for 1 unit. Please see promotion to purchase case price.,-
 Bakery desserts,Kontos Baklava Pastry Tray,7 lb • $0.36/oz,$39.99 ,http://95.217.130.223:9000/instacart-product-images/large_353b971e-eb40-4311-94df-625267be6078.jpg,Please note this product is for 1 unit. Please see promotion to purchase case price.,-
 Bakery desserts,Ruggero Cookie Platter,80 oz • $0.44/oz,$34.99 ,http://95.217.130.223:9000/instacart-product-images/large_224bf82c-948f-404b-9df7-57034b362e5e.png,Please note this product is for 1 unit. Please see promotion to purchase case price.,-
 Bakery desserts,Old World Village BAKERY Crumb Cake,20 ct • $1.65 each,$32.99 ,http://95.217.130.223:9000/instacart-product-images/large_08f59603-3454-47ad-819b-0920d4ba22fd.jpeg,Please note this product is for 1 unit. Please see promotion to purchase case price.,-
 Bakery desserts,David's Cookies Festive Platter Assorted Euro Cookies,5 lb • $0.45/oz,$35.99 ,http://95.217.130.223:9000/instacart-product-images/large_967e5471-77f5-4dc7-a9a7-e02f3efc576c.jpeg,-,-
 Bakery desserts,Supremo Italiano Amaretti Biscotti,35.3 oz • $0.57/oz,$19.99 ,http://95.217.130.223:9000/instacart-product-images/large_b5f6efd9-dda8-4bc5-b1ce-2adcaca770ec.jpg,-,-
 Bakery desserts,Davids Cookies Apple Pie,50 oz • $0.28/oz,$13.99 ,http://95.217.130.223:9000/instacart-product-images/large_b6bbb52d-65f1-4cb3-974c-029bccae841b.png,Please note this product is for 1 unit. Please see promotion to purchase case price.,-
 Bakery desserts,Supremo Italiano Tiramisu Cups,3.5 oz • 12 x 3.5 oz,$37.99 ,http://95.217.130.223:9000/instacart-product-images/large_b584642f-f0c6-41b7-befd-97929a71e218.png,Please note this product is for 1 unit. Please see promotion to purchase case price.,-
 Bakery desserts,Chef's Quality Sliced High Carrot Cake With Walnut,14 ct • $2.71 each,$37.99 ,http://95.217.130.223:9000/instacart-product-images/large_1bed245e-9aad-47c6-b7ed-69882a282f50.png,Please note this product is for 1 unit. Please see promotion to purchase case price.,-
 Bakery desserts,David’s Cookies Frozen Rainbow Cake Slice,10 in • $4.90/in,$48.99 ,http://95.217.130.223:9000/instacart-product-images/large_8fccfa83-e2f8-4488-8969-5eff861e8c6f.png,Please note this product is for 1 unit. Please see promotion to purchase case price.,-
 Bakery desserts,Ruggero's Bake Shop Linzer Tarts Cookies,14 oz • $0.43/oz,$5.99 ,http://95.217.130.223:9000/instacart-product-images/large_c5dee0ad-fb52-4931-9550-c3ebc6311e28.jpg,Please note this product is for 1 unit. Please see promotion to purchase case price.,-
 Fresh fruit,Driscoll's Strawberries,1 lb • $0.31/oz,$4.99 ,http://95.217.130.223:9000/instacart-product-images/large_443ebde8-2aaf-4b78-87a5-5b1f01c5274e.jpg,Please note this product is for 1 unit. Please see promotion to purchase case price.,Keep refrigerated and rinse before use.
 Fresh fruit,Chef's Quality Sliced Apples,10 ct • $1.00 each,$9.99 ,http://95.217.130.223:9000/instacart-product-images/large_e6a09d9b-c909-44d3-b15f-ca1820b85a69.png,Please note this product is for 1 unit. Please see promotion to purchase case price.,-
 Fresh fruit,Lemon,1 each,$39.99 ,http://95.217.130.223:9000/instacart-product-images/large_98c8c26c-fa30-422d-8c05-569bc6399d63.jpg,-,-
 Fresh fruit,Oranges - 10 ct bag,5 lb • $0.16/oz,$12.99 ,http://95.217.130.223:9000/instacart-product-images/large_c04ae3e4-5e4e-46a1-8f33-b8f60e262427.jpg,-,-
 Fresh fruit,Pineapple,1 each,$8.99 ,http://95.217.130.223:9000/instacart-product-images/large_d1d40e32-9b1f-4ffa-9307-b388d39ad07d.jpg,Please note this product is for 1 unit. Please see promotion to purchase case price.,-
 Fresh fruit,Lemon,95 ct • $0.37 each,$34.99 ,http://95.217.130.223:9000/instacart-product-images/large_8bbdcb6a-9057-4f1a-b03e-0c05bb84ecac.jpg,-,-
 Fresh fruit,PRODUCE LIMES 5LB BAG,case,$14.99 ,http://95.217.130.223:9000/instacart-product-images/large_e67f0fe8-4164-42fe-b189-4f1699a8c2f8.jpg,Please note this product is for 1 unit. Please see promotion to purchase case price.,-
 Fresh fruit,Limes - 54/63 ct,1 each,$23.99 ,http://95.217.130.223:9000/instacart-product-images/large_ecfa6eb2-703d-4543-ab69-00f2c80a67b2.jpg,-,-
 Fresh fruit,Sabor Nuestro Frozen Sabor Nuestro - Tamarind Pulp - 14 oz,14 oz • $0.28/oz,$3.99 ,http://95.217.130.223:9000/instacart-product-images/large_30a82dec-89f7-4674-9d64-e7cff35f4879.jpg,Please note this product is for 1 unit. Please see promotion to purchase case price.,-
 Fresh fruit,Chiquita Bananas,40 lb • $0.04/oz,$26.99 ,http://95.217.130.223:9000/instacart-product-images/large_1b232844-86e7-4cb6-8140-14de0b0a3a77.png,-,-
 Fresh fruit,Blueberries,11.25 lb • $0.06/oz,$9.99 ,http://95.217.130.223:9000/instacart-product-images/large_390049dd-281e-4c02-b687-ac1a634041c4.png,Please note this product is for 1 unit. Please see promotion to purchase case price.,-
 Fresh fruit,Honeycrisp Apple Bag,5 lb • $0.09/oz,$6.99 ,http://95.217.130.223:9000/instacart-product-images/large_3b9d39d6-dabe-45ab-8a2b-d3c1301eba8a.jpg,Please note this product is for 1 unit. Please see promotion to purchase case price.,-
 Fresh fruit,Lemons,,$8.99 ,http://95.217.130.223:9000/instacart-product-images/large_2193ceed-a1f0-4b4b-8e67-695cee768843.jpg,-,-
 Fresh fruit,Driscoll's Blackberries,6 oz • $0.83/oz,$4.99 ,"http://95.217.130.223:9000/instacart-product-images/large_c37d3dac-5bf4-42f0-85e3-13ef581301fc.jpg, http://95.217.130.223:9000/instacart-product-images/large_d3ee7f6b-2086-43b1-bfea-66708a2e9acf.jpg, http://95.217.130.223:9000/instacart-product-images/large_6ab37d8f-0a05-46f6-b130-af525ca261b2.jpg",Please note this product is for 1 unit. Please see promotion to purchase case price.,Keep refrigerated and rinse before use.
 Fresh fruit,"Sweet Golden Pineapples, 5-6 ct case",1 each,$19.99 ,http://95.217.130.223:9000/instacart-product-images/large_76f0afe6-7c88-483c-8439-ad2d771b20b4.jpg,-,-
 Fresh fruit,Peeled Clementines,3 lb • 10 x 3 lb,$6.99 ,http://95.217.130.223:9000/instacart-product-images/large_c02ecb77-5552-4d4b-ba6d-f96706ee9862.jpg,Please note this product is for 1 unit. Please see promotion to purchase case price.,-
 Fresh fruit,PD KIWI 6/3LB,case,$9.99 ,http://95.217.130.223:9000/instacart-product-images/large_ae10892b-e1bf-4a3e-9d64-a342a2d1d61b.jpg,Please note this product is for 1 unit. Please see promotion to purchase case price.,-
 Fresh fruit,Hass Avocado (Large),25 lb • $0.18/oz,$72.99 ,http://95.217.130.223:9000/instacart-product-images/large_20e9e6a4-3b20-4be1-82d5-d7c0883dc4a2.png,-,-
 Fresh fruit,Peach,3 lb • $0.21/oz,$9.99 ,http://95.217.130.223:9000/instacart-product-images/large_863bc970-9beb-472a-8b42-ed70b5459174.jpg,Please note this product is for 1 unit. Please see promotion to purchase case price.,-
 Fresh fruit,Nectarine,3 lb • $0.21/oz,$9.99 ,http://95.217.130.223:9000/instacart-product-images/large_92503406-f847-41d0-bc2d-38df065665be.jpg,Please note this product is for 1 unit. Please see promotion to purchase case price.,-
 Fresh fruit,Bagged Hass Avocado,8 ct • $2.37 each,$18.99 ,http://95.217.130.223:9000/instacart-product-images/large_67f1b452-11c3-4a92-9f52-dfd8fbcae122.png,Please note this product is for 1 unit. Please see promotion to purchase case price.,-
 Fresh fruit,Red Grapes,3 lb bunch,$8.99 ,http://95.217.130.223:9000/instacart-product-images/large_b161614c-5bb3-4388-981e-79094b3286af.png,Please note this product is for 1 unit. Please see promotion to purchase case price.,-
 Fresh fruit,40-48 Count Orange,1 each,$67.99 ,http://95.217.130.223:9000/instacart-product-images/large_a101adbd-bd11-404f-b464-af7b36a0b985.jpg,-,-
 Fresh fruit,Limes - 175/200 ct,case,$72.99 ,http://95.217.130.223:9000/instacart-product-images/large_e17c01a3-2d22-44ed-991b-9cb16f86c205.jpg,-,-
 Fresh fruit,Ripe Plantains - 50 lbs,50 lb • $0.07/oz,$54.99 ,http://95.217.130.223:9000/instacart-product-images/large_889ddc22-ea3f-4c04-acad-d392a19c142c.jpg,-,-
 Fresh fruit,PD ORANGE BAG,case,$19.99 ,http://95.217.130.223:9000/instacart-product-images/large_0d3a7310-272a-40da-a90f-f0ad12e0a9ce.jpg,Please note this product is for 1 unit. Please see promotion to purchase case price.,-
 Fresh fruit,PD BLACK GRAPES 3LBS,ct,$9.99 ,http://95.217.130.223:9000/instacart-product-images/large_2b8b913b-5a23-4493-9671-0066fc50748a.jpg,Please note this product is for 1 unit. Please see promotion to purchase case price.,-
 Fresh fruit,Green Bananas,10 lb • $0.19/oz,$29.99 ,http://95.217.130.223:9000/instacart-product-images/large_acaf1149-1efb-4980-8373-939f14f5f2be.jpg,-,-
 Fresh fruit,Red Delicious Apples,5 lb • 8 x 5 lb,$6.99 ,http://95.217.130.223:9000/instacart-product-images/large_d551e3ca-10c5-4364-ad39-b690b04996fc.jpg,Please note this product is for 1 unit. Please see promotion to purchase case price.,-
 Fresh fruit,Green Plantains,50 lb • $0.04/oz,$32.99 ,http://95.217.130.223:9000/instacart-product-images/large_28b2737d-c8c6-4a88-9f82-6b1a88e529f6.jpg,-,-
 Fresh fruit,Chiquita Plantains,1 each,$56.99 ,http://95.217.130.223:9000/instacart-product-images/large_dbc40f02-41fa-45da-bbff-8d4806571304.jpg,-,-
 Fresh fruit,AVO KING 4/3LB Avocado HALVES,3 lb • $0.37/oz,$17.99 ,http://95.217.130.223:9000/instacart-product-images/large_1636fdf2-c6ba-403e-a581-9d8f2c3aa041.png,Please note this product is for 1 unit. Please see promotion to purchase case price.,-
 Fresh fruit,PRODUCE APPLE GRANNY SMITH,1 case,$51.99 ,http://95.217.130.223:9000/instacart-product-images/large_7c397f66-753f-4198-b1ce-a9bbf59261b2.png,Please note this product is for 1 unit. Please see promotion to purchase case price.,-
 Fresh fruit,Coconut,5 ct • $1.80 each,$8.99 ,http://95.217.130.223:9000/instacart-product-images/large_2651f878-5bd0-4301-a046-b381b673db20.jpg,-,-
 Fresh fruit,CQ Fruit Apricots,4.25 lb • $0.49/oz,$32.99 ,http://95.217.130.223:9000/instacart-product-images/large_e1764114-9ff7-4fe8-b26d-04811fc52d29.png,Please note this product is for 1 unit. Please see promotion to purchase case price.,-
 Fresh fruit,Green Banana,5 lb • $0.32/oz,$25.99 ,http://95.217.130.223:9000/instacart-product-images/large_d7abdb77-d602-4e49-a209-4adad455b612.jpg,-,-
 Snacks,Chef's Quality Vanilla Pudding,1 each,$11.99 ,http://95.217.130.223:9000/instacart-product-images/large_2cd54c14-9005-40f6-b097-7bf0d1125414.png,Please note this product is for 1 unit. Please see promotion to purchase case price.,-
 Snacks,Utz CheeseBalls,23 oz • $0.43/oz,$9.99 ,http://95.217.130.223:9000/instacart-product-images/large_b1d8fa29-0055-4edd-9c88-65a2bcf93f06.png,Please note this product is for 1 unit. Please see promotion to purchase case price.,Exposure to sunlight can reduce freshness.
 Snacks,Chef's Quality Banana Pudding,7 lb • $0.12/oz,$13.99 ,http://95.217.130.223:9000/instacart-product-images/large_ff06432f-086c-4d82-aff1-32b481814bcd.png,Please note this product is for 1 unit. Please see promotion to purchase case price.,-
 Snacks,"Kinder Eggs, Treat Plus Toy, Sweet Cream and Chocolatey Wafers, Individually Wrapped",8.4 oz • $2.14/oz,$17.99 ,"http://95.217.130.223:9000/instacart-product-images/large_ee646b70-54a3-4adc-9a8d-4e6741a25a1a.jpg, http://95.217.130.223:9000/instacart-product-images/large_c68fa2fb-24f8-4162-b1c3-b349c2dfbdce.jpg, http://95.217.130.223:9000/instacart-product-images/large_8c450b7b-dced-4ecd-bd03-9d989fe843eb.jpg",Please note this product is for 1 unit. Please see promotion to purchase case price.,No Prep Instructions Required.
 Snacks,Utz Honey Wheat Twists Pretzels Barrel,24 oz • $0.42/oz,$9.99 ,http://95.217.130.223:9000/instacart-product-images/large_dd928ada-a037-4d92-99e5-94f1b54eb842.png,Please note this product is for 1 unit. Please see promotion to purchase case price.,-
 Snacks,Oreo Medium Cookie Pieces,2.5 lb • $0.37/oz,$14.99 ,"http://95.217.130.223:9000/instacart-product-images/large_d387e54c-3ef7-49a1-9c9f-69b0fffe46ab.jpg, http://95.217.130.223:9000/instacart-product-images/large_5a8273f6-5b03-4838-b1af-924b8cfb73e0.jpg, http://95.217.130.223:9000/instacart-product-images/large_b09414cd-f646-439c-868b-4f52477de0f6.jpg",Please note this product is for 1 unit. Please see promotion to purchase case price.,Perfect with ice cream!
 Snacks,French's® Shoestring Potato Sticks,16 oz • $0.44/oz,$6.99 ,"http://95.217.130.223:9000/instacart-product-images/large_a7b97e38-a936-459c-98af-6a13323ca8f8.jpg, http://95.217.130.223:9000/instacart-product-images/large_6ed59c0a-afd9-4d45-b8c5-f8788ac38432.jpg, http://95.217.130.223:9000/instacart-product-images/large_4b44c847-17cc-443e-a924-89d5c8dc3391.jpg",Please note this product is for 1 unit. Please see promotion to purchase case price.,"Enjoy French's Potato Sticks as a snack right out of the bag, or use them to add flavor and crunch to: Burgers; Sandwiches; Pizza; Hot dogs - just about anything!"
 Snacks,M&M's Peanut Milk Chocolates Full Size Chocolate Candy Bulk Candy,1.74 oz • 48 x 1.74 oz,$55.99 ,"http://95.217.130.223:9000/instacart-product-images/large_b85a9b27-b612-4256-80c6-1bbd82543997.jpg, http://95.217.130.223:9000/instacart-product-images/large_daffcc56-064c-423c-8ada-7f2a55a3bafb.jpg, http://95.217.130.223:9000/instacart-product-images/large_9f102742-d78d-44bf-bb0e-769d0e988806.jpg",Please note this product is for 1 unit. Please see promotion to purchase case price.,-
 Snacks,Colombina Delicate Mint Drops,2.2 lb • $0.20/oz,$6.99 ,http://95.217.130.223:9000/instacart-product-images/large_1a12dde5-4a0c-4d39-98f2-35acf233e56b.jpg,Please note this product is for 1 unit. Please see promotion to purchase case price.,-
 Snacks,Famous Amos Cookies Chocolate Chip,2 oz • 42 x 2 oz,$22.99 ,"http://95.217.130.223:9000/instacart-product-images/large_f4d70da6-28ca-43d1-ba3d-736a1f298054.jpg, http://95.217.130.223:9000/instacart-product-images/large_7051f702-1f85-4611-ac3c-676bb3e689ea.jpg, http://95.217.130.223:9000/instacart-product-images/large_a3640f8e-77ee-4495-9113-4a8288563140.jpg","With an irresistible homemade taste and a fun bite-size shape, Famous Amos Bite Size Chocolate Chip Cookies are made to enjoy by the handful. Baked with care and made with delicious ingredients like real semi-sweet chocolate, these diminutive cookies are ideal for sweet dessert snacking any time of the day. Packaged in convenient, travel-ready bags, it’s easier than ever to bring a batch of Famous Amos Bite Size Chocolate Chip Cookies wherever you go. Stow a bag in your desk at work, lunchbox at school, in your cupboard at home, and in your tote when you’re on the move. Try them with a glass of ice-cold milk, crumble them over an ice cream sundae, or satisfy your sweet cravings straight from the bag.",Unwrap and Enjoy!
 Snacks,"PopCorners Popped-Corn Snacks, Assorted",1 oz • 28 x 1 oz,$16.99 ,"http://95.217.130.223:9000/instacart-product-images/large_db0448f9-e084-490c-9be6-3446bf25ad6e.png, http://95.217.130.223:9000/instacart-product-images/large_c5df7f53-6ab4-4942-9214-26fbd86c1bf4.png, http://95.217.130.223:9000/instacart-product-images/large_a4df51bc-fc5e-4c4e-a39e-6fb7e2bd60f5.png",-,-
 Snacks,Takis Assorted Rolled Tortilla Chips Variety Pack,46 ct • $0.43 each,$19.99 ,"http://95.217.130.223:9000/instacart-product-images/large_9f8ec477-22e8-401d-9a18-2e7253f5e24b.jpg, http://95.217.130.223:9000/instacart-product-images/large_d241e044-e008-4def-9808-5fbd77a594b0.jpg, http://95.217.130.223:9000/instacart-product-images/large_0de00867-1f48-425c-a17b-ca2484ac5dfd.jpg",Takis. Face the Intensity.,-
 Snacks,Takis Fuego Rolled Tortilla Chips Multipack,1 oz • 46 x 1 oz,$19.99 ,"http://95.217.130.223:9000/instacart-product-images/large_0db963df-41a9-444c-b469-aaf2e5c15cba.jpg, http://95.217.130.223:9000/instacart-product-images/large_c69f0ab2-fbf0-4b1f-9e97-68f709e8854e.jpg, http://95.217.130.223:9000/instacart-product-images/large_e4c50ff7-c7e6-4916-b9b5-8ce8cc549f8a.jpg",Takis. Face the Intensity.,-
 Snacks,Andes Creme De Menthe Thins,240 ct • $0.08 each,$19.99 ,http://95.217.130.223:9000/instacart-product-images/large_42a9f17e-ab58-4603-a7ce-f7d7bafafe2c.jpg,Please note this product is for 1 unit. Please see promotion to purchase case price.,-
 Snacks,"Bimbo Barritas, 22 packs, Assorted Filled Cookies",42.68 oz • 22 x 42.68 oz,$12.99 ,"http://95.217.130.223:9000/instacart-product-images/large_8a329210-28c9-4b05-8904-c616ed4668ee.png, http://95.217.130.223:9000/instacart-product-images/large_e11baef8-d8e2-47f9-ab6e-a5740f1c1f30.png, http://95.217.130.223:9000/instacart-product-images/large_b5343043-3938-436b-9876-275217aab7a2.png","Are you in the mood for something delicious? Barritas will satisfy your craving. Enjoy the delectable taste of a soft cookie filled with artificially flavored pineapple or strawberry filling for a taste you won’t forget. No need to go to the bakery; Barritas are wrapped for a fresh-baked taste, every time. They are a great snack for kids to enjoy with a glass of ice-cold milk while sharing with friends, or as a special treat after their soccer game. Adults love Barritas with their afternoon coffee or as an indulgent little dessert. Marinela stands for fun! Our products include favorites like crème-filled chocolate cupcakes, butter cookies, and unique varieties like orange and raisin cakes to satisfy your sweet tooth. Take one bite of any of our cookies, snack cakes, or pies, and you’ll get a taste of how cool it is to go back to your childhood again! Marinela Is in Me. Marinela Is in You.",-
 Snacks,"NEWTON Soft & Fruit Chewy Fig Cookies (Fig Bars), Snack Packs",2 oz • 12 x 2 oz,$8.99 ,"http://95.217.130.223:9000/instacart-product-images/large_0e043929-9f67-44a6-8797-09d6e8e62a35.jpg, http://95.217.130.223:9000/instacart-product-images/large_e3823509-ce19-4b0e-9232-40a57c892ead.jpg, http://95.217.130.223:9000/instacart-product-images/large_c0495c04-af6c-4417-9643-d57b3944d66b.jpg",Please note this product is for 1 unit. Please see promotion to purchase case price.,"For best when used by information, please see date printed on package."
 Snacks,"Ring Pop Pops, Assorted",40 ct • $0.42 each,$16.99 ,"http://95.217.130.223:9000/instacart-product-images/large_3d89e1d9-6953-4cc1-9fb2-6049975a69a3.jpg, http://95.217.130.223:9000/instacart-product-images/large_31c7b6fd-a45d-4309-934e-03c69c20331c.jpg, http://95.217.130.223:9000/instacart-product-images/large_4d01072a-5406-4135-99de-851927ef3989.jpg",Please note this product is for 1 unit. Please see promotion to purchase case price.,-
 Snacks,Tastykake Chocolate Juniors,3 oz • 4 x 3 oz,$3.69 ,"http://95.217.130.223:9000/instacart-product-images/large_0b2fa783-0ebe-4ab1-bc41-81325a303c3e.png, http://95.217.130.223:9000/instacart-product-images/large_ffcfa8f4-c71d-41b7-818c-4fce8aa0da17.png, http://95.217.130.223:9000/instacart-product-images/large_124cafc0-63f9-40b3-9485-56ec2418fc18.png","Tastykake® Chocolate Juniors® are like having a slice of birthday cake anytime, featuring two layers of rich, yellow cake and delectable chocolate icing. Juniors have been a fan favorite since the 1920s, and are the product that helped create the Tastykake tag line ""the cake that made mother stop baking."" Don't let the name deceive you, these 3 oz layer cakes are large enough to satisfy any sweet lover. Pack these individually wrapped snack cakes into a lunchbox or toss into a bag for the easiest and most delicious on-the-go sweet treat. Whether you prefer them for a dessert, an afternoon pick-me-up or a late night treat, you'll want to keep these family-approved snack cakes stocked in your pantry at all times. Keep Tastykake on hand, because having any other snack is a miskake™., , Tastykake has baked iconic treats for over 100 years, creating tasty cakes, muffins, donuts, pastries, pies and more. With so many delicious and unique treats to choose from and so many happy snack-lovers, why would you ever choose another brand? Whether it is a quick bite on-the-go or a reward after a long day, at Tastykake, we take snacking seriously, and our products are here to satisfy. Choose Tastykake and accept no substitutes™. ,  , • You'll get one box of Tastykake Chocolate Juniors with four individually wrapped snack cakes in each box ,  , • Tastykake Chocolate Juniors are moist yellow layer cakes with a rich chocolate icing ,  , • Individually wrapped snacks make for the easiest and sweetest on-the-go snack,  , • Tastykake Chocolate Juniors are sweet treats enjoyed by all ages ,  , • Try Tastykake treats, like Krimpets®, Kandy Kakes®, Donuts and more, because any other snack is a miskake™",-
 Snacks,Golden Pitted Dates,28 oz • $0.21/oz,$5.99 ,http://95.217.130.223:9000/instacart-product-images/large_b3a046b0-84ba-4cbd-994d-8f43ee06fc3d.jpg,Please note this product is for 1 unit. Please see promotion to purchase case price.,-
 Snacks,"Ferrero Rocher Premium Milk Chocolate Hazelnut, Chocolates for Gifting",21.2 oz • $0.94/oz,$19.99 ,"http://95.217.130.223:9000/instacart-product-images/large_2766594e-4591-4b8d-a245-89382a93ede3.jpg, http://95.217.130.223:9000/instacart-product-images/large_dea62229-2b5a-455d-aa45-e4858d44920a.jpg, http://95.217.130.223:9000/instacart-product-images/large_dd056c2d-0f7c-4f3e-9cc6-6127febdd627.jpg","Share the celebration with a 48-count box of Ferrero Rocher! This Ferrero Rocher milk chocolate gift box offers a unique taste experience of contrasting layers: a whole crunchy hazelnut in the heart and a delicious, creamy hazelnut filling surrounded with milk chocolate, crispy wafers and gently roasted hazelnut pieces. And thanks to its signature golden wrapper, Ferrero Rocher is even more unique and special. The iconic original. Celebrate the moment with Ferrero Rocher. Since the 1940s, Ferrero has delighted consumers with premium, one-of-a-kind chocolate treats. What began as a local pasticceria in Italy’s Piemonte region is now one of the world’s most popular confectioners, satisfying cravings in over 100 countries worldwide. Thanks to a commitment to quality, freshness and a unique taste experience, Ferrero continues to delight chocolate lovers all over the world., • Share the taste of Ferrero Rocher with this 48-count box, • Enjoy this rich, crispy, hazelnut and chocolate treat, • Ferrero chocolates are indulgent treats worth sharing, • These classic chocolates always deliver decadent taste, • Ferrero Rocher is always committed to quality and freshness","Please store in a cool, dry place at a temperature of 65 degrees F - 72 degrees F."
 Snacks,Welch's Fruit Snack,2.25 oz • 16 x 2.25 oz,$13.99 ,http://95.217.130.223:9000/instacart-product-images/large_129c233f-1cb7-425b-a85f-eae1572bfbf1.jpg,Please note this product is for 1 unit. Please see promotion to purchase case price.,-
 Snacks,"Colombina Fruit Drops, Cherry, Green Apple, Blackberry, Peach, Delicate",2.2 lb • $0.20/oz,$6.99 ,http://95.217.130.223:9000/instacart-product-images/large_5af55e77-6121-48b4-aeea-30ba2de74dcb.jpg,Please note this product is for 1 unit. Please see promotion to purchase case price.,Keep in a dry and cool place.
 Snacks,"Ritz Original Crackers, Party Size",27 oz • $0.33/oz,$8.99 ,"http://95.217.130.223:9000/instacart-product-images/large_11873cb8-21e9-4368-8fb8-f48f07052ac4.jpg, http://95.217.130.223:9000/instacart-product-images/large_96a031d4-5132-4e51-b277-0346c1722f6c.jpg, http://95.217.130.223:9000/instacart-product-images/large_c22b4632-8a6c-469d-a8a6-9ac22125e1b5.jpg",Please note this product is for 1 unit. Please see promotion to purchase case price.,Lift tab to open.
 Snacks,"Tastykake Cupkakes, Buttercreme, Creme Filled",6 each • $0.62 each,$3.69 ,"http://95.217.130.223:9000/instacart-product-images/large_be57051a-9b61-4704-aea3-8666c393dcdb.png, http://95.217.130.223:9000/instacart-product-images/large_8ffb2ddb-9780-4e2a-8242-035c24f47770.png, http://95.217.130.223:9000/instacart-product-images/large_41b524df-e156-4de5-9311-0bb3fdd41ced.png","With delicious chocolate cake and decadent icing, Tastykake® Buttercreme Cupkakes are a chocolate lover's dream. Featuring creme filled chocolate cupcakes with decedent buttercreme icing, these delectable treats are sure to delight even the pickiest snacker. Pack them into a lunchbox or toss into a bag for the easiest and most delicious on-the-go chocolaty treat. Whether you prefer them for a dessert, an afternoon pick-me-up or a late night treat, you'll want to keep these family-approved snack cakes stocked in your pantry at all times. Keep Tastykake on hand, because having any other snack is a miskake™., , Tastykake has baked iconic treats for over 100 years, creating tasty cakes, muffins, donuts, pastries, pies and more. With so many delicious and unique treats to choose from and so many happy snack-lovers, why would you ever choose another brand? Whether it is a quick bite on-the-go or a reward after a long day, at Tastykake, we take snacking seriously, and our products are here to satisfy. Choose Tastykake and accept no substitutes™. ,  , • You'll get one box of Tastykake Buttercreme Cupkakes with six packs of two snack cakes per box,  , • These buttercreme cupcakes are rich, decadent and melt-in-your-mouth delicious ,  , • Conveniently packaged cupcakes fit easily into lunchboxes, backpacks and bags for on-the-go snacking ,  , • Tastykake Buttercreme Cupcakes are sweet treats enjoyed by all ages ,  , • Try Tastykake treats, like Krimpets®, Kandy Kakes®, Donuts and more, because any other snack is a miskake™",-
 Snacks,Frito Lay Flamin' Hot Mix Variety 52.5 Oz 30 Count,30 each • $0.67 each,$19.99 ,http://95.217.130.223:9000/instacart-product-images/large_ae314819-e8dd-4ab3-88dc-7e51b9de691f.jpg,Please note this product is for 1 unit. Please see promotion to purchase case price.,Ready to Eat
 Snacks,"Frito Lay Snack Mix, Variety Mix",1 each • 30 ct,$19.99 ,http://95.217.130.223:9000/instacart-product-images/large_cab82ea6-b877-499f-b24f-af69605dcb53.png,Please note this product is for 1 unit. Please see promotion to purchase case price.,"Tear-away top., Guarantee fresh until printed date or this snack is on us."
 Snacks,"Frito Lay Doritos Cheetos Mix, Bigger Bags",1 each,$19.99 ,"http://95.217.130.223:9000/instacart-product-images/large_80958041-999a-4fe4-afdc-4464a17366c3.png, http://95.217.130.223:9000/instacart-product-images/large_bc04ee84-0aa6-4f03-9965-cbf03f734472.png, http://95.217.130.223:9000/instacart-product-images/large_87e83f62-39dc-40ec-9fca-a8b35a977e17.png",Please note this product is for 1 unit. Please see promotion to purchase case price.,Tear-away top.
 Snacks,"Frito Lay Snacks Premiere Mix Variety 47 Oz, 30 Count",1 each,$19.99 ,"http://95.217.130.223:9000/instacart-product-images/large_e5954f94-68d0-4cff-9185-b301d405e6ec.png, http://95.217.130.223:9000/instacart-product-images/large_e677a297-afa8-419f-b44f-4362e3556779.png, http://95.217.130.223:9000/instacart-product-images/large_3960653b-e7bd-48e5-87a1-154e727fb852.png",Please note this product is for 1 unit. Please see promotion to purchase case price.,"Tear-away top. Easy to store. Easy to grab & go., Guarantee fresh until printed date or this snack is on us."
 Snacks,"Frito Lay Snacks Premiere Mix Variety 47 Oz, 30 Count",1 each,$19.99 ,"http://95.217.130.223:9000/instacart-product-images/large_e5954f94-68d0-4cff-9185-b301d405e6ec.png, http://95.217.130.223:9000/instacart-product-images/large_e677a297-afa8-419f-b44f-4362e3556779.png, http://95.217.130.223:9000/instacart-product-images/large_3960653b-e7bd-48e5-87a1-154e727fb852.png",Please note this product is for 1 unit. Please see promotion to purchase case price.,"Tear-away top. Easy to store. Easy to grab & go., Guarantee fresh until printed date or this snack is on us."
 Snacks,"Frito Lay Snacks Premiere Mix Variety 47 Oz, 30 Count",1 each,$19.99 ,"http://95.217.130.223:9000/instacart-product-images/large_e5954f94-68d0-4cff-9185-b301d405e6ec.png, http://95.217.130.223:9000/instacart-product-images/large_e677a297-afa8-419f-b44f-4362e3556779.png, http://95.217.130.223:9000/instacart-product-images/large_3960653b-e7bd-48e5-87a1-154e727fb852.png",Please note this product is for 1 unit. Please see promotion to purchase case price.,"Tear-away top. Easy to store. Easy to grab & go., Guarantee fresh until printed date or this snack is on us."
 Snacks,"Tastykake Cupkakes, Buttercreme, Creme Filled",6 each • $0.62 each,$3.69 ,"http://95.217.130.223:9000/instacart-product-images/large_be57051a-9b61-4704-aea3-8666c393dcdb.png, http://95.217.130.223:9000/instacart-product-images/large_8ffb2ddb-9780-4e2a-8242-035c24f47770.png, http://95.217.130.223:9000/instacart-product-images/large_41b524df-e156-4de5-9311-0bb3fdd41ced.png","With delicious chocolate cake and decadent icing, Tastykake® Buttercreme Cupkakes are a chocolate lover's dream. Featuring creme filled chocolate cupcakes with decedent buttercreme icing, these delectable treats are sure to delight even the pickiest snacker. Pack them into a lunchbox or toss into a bag for the easiest and most delicious on-the-go chocolaty treat. Whether you prefer them for a dessert, an afternoon pick-me-up or a late night treat, you'll want to keep these family-approved snack cakes stocked in your pantry at all times. Keep Tastykake on hand, because having any other snack is a miskake™., , Tastykake has baked iconic treats for over 100 years, creating tasty cakes, muffins, donuts, pastries, pies and more. With so many delicious and unique treats to choose from and so many happy snack-lovers, why would you ever choose another brand? Whether it is a quick bite on-the-go or a reward after a long day, at Tastykake, we take snacking seriously, and our products are here to satisfy. Choose Tastykake and accept no substitutes™. ,  , • You'll get one box of Tastykake Buttercreme Cupkakes with six packs of two snack cakes per box,  , • These buttercreme cupcakes are rich, decadent and melt-in-your-mouth delicious ,  , • Conveniently packaged cupcakes fit easily into lunchboxes, backpacks and bags for on-the-go snacking ,  , • Tastykake Buttercreme Cupcakes are sweet treats enjoyed by all ages ,  , • Try Tastykake treats, like Krimpets®, Kandy Kakes®, Donuts and more, because any other snack is a miskake™",-
 Snacks,"Child's Play Candy, Funtastic Favorites",52 oz • $0.23/oz,$11.99 ,http://95.217.130.223:9000/instacart-product-images/large_5520a9e4-1163-4083-bcc5-0697300a2e59.png,Please note this product is for 1 unit. Please see promotion to purchase case price.,-
 Snacks,Tastykake Chocolate Juniors,3 oz • 4 x 3 oz,$3.69 ,"http://95.217.130.223:9000/instacart-product-images/large_0b2fa783-0ebe-4ab1-bc41-81325a303c3e.png, http://95.217.130.223:9000/instacart-product-images/large_ffcfa8f4-c71d-41b7-818c-4fce8aa0da17.png, http://95.217.130.223:9000/instacart-product-images/large_124cafc0-63f9-40b3-9485-56ec2418fc18.png","Tastykake® Chocolate Juniors® are like having a slice of birthday cake anytime, featuring two layers of rich, yellow cake and delectable chocolate icing. Juniors have been a fan favorite since the 1920s, and are the product that helped create the Tastykake tag line ""the cake that made mother stop baking."" Don't let the name deceive you, these 3 oz layer cakes are large enough to satisfy any sweet lover. Pack these individually wrapped snack cakes into a lunchbox or toss into a bag for the easiest and most delicious on-the-go sweet treat. Whether you prefer them for a dessert, an afternoon pick-me-up or a late night treat, you'll want to keep these family-approved snack cakes stocked in your pantry at all times. Keep Tastykake on hand, because having any other snack is a miskake™., , Tastykake has baked iconic treats for over 100 years, creating tasty cakes, muffins, donuts, pastries, pies and more. With so many delicious and unique treats to choose from and so many happy snack-lovers, why would you ever choose another brand? Whether it is a quick bite on-the-go or a reward after a long day, at Tastykake, we take snacking seriously, and our products are here to satisfy. Choose Tastykake and accept no substitutes™. ,  , • You'll get one box of Tastykake Chocolate Juniors with four individually wrapped snack cakes in each box ,  , • Tastykake Chocolate Juniors are moist yellow layer cakes with a rich chocolate icing ,  , • Individually wrapped snacks make for the easiest and sweetest on-the-go snack,  , • Tastykake Chocolate Juniors are sweet treats enjoyed by all ages ,  , • Try Tastykake treats, like Krimpets®, Kandy Kakes®, Donuts and more, because any other snack is a miskake™",-
 Snacks,"Tic Tac Fresh Breath Mints, Freshmint, Bulk Hard Candy Mints",1 oz • 12 x 1 oz,$15.99 ,"http://95.217.130.223:9000/instacart-product-images/large_dfba9615-60d0-4485-8d5d-96e0b88d7165.jpg, http://95.217.130.223:9000/instacart-product-images/large_5fc65c51-8853-4243-9e99-ed23dc96aaef.jpg, http://95.217.130.223:9000/instacart-product-images/large_7134c48c-05cf-43d0-b8d1-da1d1159c444.jpg",Please note this product is for 1 unit. Please see promotion to purchase case price.,Please recycle.
 Snacks,"Tastykake Koffee Kake, Family 4 Pack",2.5 oz • 4 x 2.5 oz,$3.69 ,"http://95.217.130.223:9000/instacart-product-images/large_a019a99f-a1e6-4d9c-bf5a-e1c32fecfa85.png, http://95.217.130.223:9000/instacart-product-images/large_27553a3d-07e1-49a0-9bc4-a5c2f585d6a1.png, http://95.217.130.223:9000/instacart-product-images/large_a1821992-ceac-473b-a2cc-7eae136f00a8.png","With moist yellow cake and a cinnamon crumble topping, Tastykake® Koffee Kake Juniors® are bound to satisfy any sweet tooth. These snack cakes are made to be enjoyed morning, noon and night. Pair Tastykake Koffee Kake Juniors with your morning coffee for the perfect breakfast, or enjoy in the afternoon for a sweet, cinnamony snack. These individually wrapped snacks are perfect packed into a lunch box or toss into a bag for the easiest and most delicious on-the-go treat. Keep Tastykake on hand, because having any other snack is a miskake™., , Tastykake has baked iconic treats for over 100 years, creating tasty cakes, muffins, donuts, pastries, pies and more. With so many delicious and unique treats to choose from and so many happy snack-lovers, why would you ever choose another brand? Whether it is a quick bite on-the-go or a reward after a long day, at Tastykake, we take snacking seriously, and our products are here to satisfy. Choose Tastykake and accept no substitutes™. ,  , • You'll get one box of four individually wrapped Tastykake Koffee Kake Juniors,  , • Individual packs of snack cakes fit easily into lunch boxes, backpacks and bags for on-the-go snacking,  , • Tastykake Koffee Kake Juniors are made to be enjoyed morning, noon and night,  , • Tastykake Koffee Kake Juniors pair perfectly with a hot cup of coffee,  , • Try Tastykake treats, like Krimpets®, Kandy Kakes®, Donuts and more, because any other snack is a miskake™",-
 Snacks,JOLLY RANCHER Assorted Fruit Flavored Hard Candy,5 lb • $0.21/oz,$16.99 ,"http://95.217.130.223:9000/instacart-product-images/large_78c544c5-1c69-4051-9502-bf83e95c5b64.jpg, http://95.217.130.223:9000/instacart-product-images/large_ec231ae2-74e3-4526-ab0d-a4d79e44bed5.jpg, http://95.217.130.223:9000/instacart-product-images/large_ecc00127-a727-47d9-aee3-98b196ceeea6.jpg",Please note this product is for 1 unit. Please see promotion to purchase case price.,-
 Snacks,Utz CheeseBalls,23 oz • $0.43/oz,$9.99 ,http://95.217.130.223:9000/instacart-product-images/large_b1d8fa29-0055-4edd-9c88-65a2bcf93f06.png,Please note this product is for 1 unit. Please see promotion to purchase case price.,Exposure to sunlight can reduce freshness.
 Snacks,Pepperidge Farm Milano Dark Chocolate Cookies,0.75 oz • 20 x 0.75 oz,$9.99 ,"http://95.217.130.223:9000/instacart-product-images/large_a05bb314-51c2-4596-a95c-a8e35e937e67.jpg, http://95.217.130.223:9000/instacart-product-images/large_7dd3e3b5-8b23-4d45-8484-a7a51e759c13.jpg, http://95.217.130.223:9000/instacart-product-images/large_1fa28276-19ca-4cbd-85a3-b5d583cb4305.jpg","When you can't make yoga, when you have 10 minutes before getting the kids from school, when you just need a little me-time, Milano cookies are there for you. Delicate, sweet and oh, so indulgent, Milano cookies are that special treat your day needs. Pepperidge Farm Milano Dark Chocolate has rich dark chocolate hidden between delicate cookies, and the 2-cookie pack makes it easy to take Milano with you for a midday snack at work, at the gym or in the carpool lane. Milano cookies are beautifully crafted — just like you. For Pepperidge Farm, baking is more than a job. It's a real passion. Each day, the Pepperidge Farm bakers take the time to make every cookie, pastry, cracker and loaf of bread the best way they know how by using quality ingredients., , - MULTIPACK INCLUDES: 20 0.75-oz. packs (two cookies per pack) of Dark Chocolate Milano® cookies, - LUXURIOUS FLAVOR: Enjoy rich dark chocolate, - CRISP AND DELICATE: Milano baked cookies are crisp in texture and delicate in flavor, - SAVE SOMETHING FOR YOURSELF®: Set aside time during your day to put yourself first and indulge with Pepperidge Farm Milano cookie, - ON-THE-GO TREATS: Single-serving snack packs make it easy to take Milano cookies with you anywhere",Best if used by date on package.
 Snacks,Frito Lay Flamin' Hot Mix Variety 52.5 Oz 30 Count,30 each • $0.67 each,$19.99 ,http://95.217.130.223:9000/instacart-product-images/large_ae314819-e8dd-4ab3-88dc-7e51b9de691f.jpg,Please note this product is for 1 unit. Please see promotion to purchase case price.,Ready to Eat
 Snacks,"Frito Lay Snack Mix, Variety Mix",1 each • 30 ct,$19.99 ,http://95.217.130.223:9000/instacart-product-images/large_cab82ea6-b877-499f-b24f-af69605dcb53.png,Please note this product is for 1 unit. Please see promotion to purchase case price.,"Tear-away top., Guarantee fresh until printed date or this snack is on us."
 Snacks,"Frito Lay Doritos Cheetos Mix, Bigger Bags",1 each,$19.99 ,"http://95.217.130.223:9000/instacart-product-images/large_80958041-999a-4fe4-afdc-4464a17366c3.png, http://95.217.130.223:9000/instacart-product-images/large_bc04ee84-0aa6-4f03-9965-cbf03f734472.png, http://95.217.130.223:9000/instacart-product-images/large_87e83f62-39dc-40ec-9fca-a8b35a977e17.png",Please note this product is for 1 unit. Please see promotion to purchase case price.,Tear-away top.
 Snacks,"Frito Lay Snacks Premiere Mix Variety 47 Oz, 30 Count",1 each,$19.99 ,"http://95.217.130.223:9000/instacart-product-images/large_e5954f94-68d0-4cff-9185-b301d405e6ec.png, http://95.217.130.223:9000/instacart-product-images/large_e677a297-afa8-419f-b44f-4362e3556779.png, http://95.217.130.223:9000/instacart-product-images/large_3960653b-e7bd-48e5-87a1-154e727fb852.png",Please note this product is for 1 unit. Please see promotion to purchase case price.,"Tear-away top. Easy to store. Easy to grab & go., Guarantee fresh until printed date or this snack is on us."
 Snacks,"Frito Lay Snacks Premiere Mix Variety 47 Oz, 30 Count",1 each,$19.99 ,"http://95.217.130.223:9000/instacart-product-images/large_e5954f94-68d0-4cff-9185-b301d405e6ec.png, http://95.217.130.223:9000/instacart-product-images/large_e677a297-afa8-419f-b44f-4362e3556779.png, http://95.217.130.223:9000/instacart-product-images/large_3960653b-e7bd-48e5-87a1-154e727fb852.png",Please note this product is for 1 unit. Please see promotion to purchase case price.,"Tear-away top. Easy to store. Easy to grab & go., Guarantee fresh until printed date or this snack is on us."
 Snacks,"Frito Lay Snacks Premiere Mix Variety 47 Oz, 30 Count",1 each,$19.99 ,"http://95.217.130.223:9000/instacart-product-images/large_e5954f94-68d0-4cff-9185-b301d405e6ec.png, http://95.217.130.223:9000/instacart-product-images/large_e677a297-afa8-419f-b44f-4362e3556779.png, http://95.217.130.223:9000/instacart-product-images/large_3960653b-e7bd-48e5-87a1-154e727fb852.png",Please note this product is for 1 unit. Please see promotion to purchase case price.,"Tear-away top. Easy to store. Easy to grab & go., Guarantee fresh until printed date or this snack is on us."
 Snacks,"Sahara Gold Dates, Medjool, Natural",32 oz • $0.44/oz,$13.99 ,http://95.217.130.223:9000/instacart-product-images/large_788ecaa9-8b8b-470c-9c62-f84c55e4e29d.jpg,Please note this product is for 1 unit. Please see promotion to purchase case price.,Keep in a cool place. Refrigerate or freeze after purchase.
 Snacks,"Ritz Original Crackers, Party Size",27 oz • $0.33/oz,$8.99 ,"http://95.217.130.223:9000/instacart-product-images/large_11873cb8-21e9-4368-8fb8-f48f07052ac4.jpg, http://95.217.130.223:9000/instacart-product-images/large_96a031d4-5132-4e51-b277-0346c1722f6c.jpg, http://95.217.130.223:9000/instacart-product-images/large_c22b4632-8a6c-469d-a8a6-9ac22125e1b5.jpg",Please note this product is for 1 unit. Please see promotion to purchase case price.,Lift tab to open.
 Snacks,"Nutella & Go Snack Packs, Chocolate Hazelnut Spread with Breadsticks",1.8 oz • 16 x 1.8 oz,$19.99 ,"http://95.217.130.223:9000/instacart-product-images/large_94ab3221-9404-4dff-89c1-327d2c3cde2c.jpg, http://95.217.130.223:9000/instacart-product-images/large_6c8cc6bc-a73a-4a2c-9795-27226164f5a6.jpg, http://95.217.130.223:9000/instacart-product-images/large_0d2ae056-8007-4608-885c-243e709f2e22.jpg",Please note this product is for 1 unit. Please see promotion to purchase case price.,No Prep Instructions Needed.
 Snacks,Utz Original Potato Stix Shoestring Potato Snacks,15 oz • $0.40/oz,$5.99 ,http://95.217.130.223:9000/instacart-product-images/large_c283e248-307e-42c5-852c-bda3abfd37ff.png,Please note this product is for 1 unit. Please see promotion to purchase case price.,-
 Snacks,Sabor Nuestro Frozen Sabor Nuestro - Plantain Tostones - 3 lbs,3 lb • $0.21/oz,$9.99 ,http://95.217.130.223:9000/instacart-product-images/large_248451ba-da61-4983-af8c-8da07f59c3eb.png,Please note this product is for 1 unit. Please see promotion to purchase case price.,-
 Snacks,Sabor Nuestro Frozen Sabor Nuestro - Plantain Tostones - 3 lbs,3 lb • $0.21/oz,$9.99 ,http://95.217.130.223:9000/instacart-product-images/large_248451ba-da61-4983-af8c-8da07f59c3eb.png,Please note this product is for 1 unit. Please see promotion to purchase case price.,-
 Snacks,Utz Jumbo Snack Pack,40.75 oz • $0.49/oz,$19.99 ,"http://95.217.130.223:9000/instacart-product-images/large_c1ce6079-dc5e-48c9-9519-52dea0519e04.png, http://95.217.130.223:9000/instacart-product-images/large_002589fa-c028-4cd8-addf-80763d6db581.png, http://95.217.130.223:9000/instacart-product-images/large_d5dbc0ed-67de-4dd0-836a-f7f2621f5ce0.png","Stock up on all of the good stuff with the Utz Jumbo Variety Box! This 42-count box of travel snacks contains: , • 10 - 1 oz. Original Chips, • 5 - 1 oz. Ripple Chips, • 5 - 1 oz. BBQ Chips, • 5 - 1 oz. Sour Cream & Onion Chips, • 6 - 1 oz. Cheese Curls, • 6 - 1 oz. Party Mix, • 5 - .75 oz. White Cheddar Popcorn, These individual snacks are packaged for your ultimate convenience. The Utz Variety Pack is the ideal portable snack and is great for stocking up a vending machine, the office kitchen or your home pantry. It is perfect for school or lunch boxes, or to keep handy for whenever the cravings strike. Trust us, a sandwich just isn’t the same without a crunchy snack on the side! No matter what variety of Utz snacks is your favorite, you can be sure you’re getting a great, satisfying crunch. We have expertly refined our cooking process to give you the best snacks foods possible and with the Utz Variety Pack, there is a flavor that everyone is sure to love. ,  , • VARIETY PACK – The Utz Snack Variety Box contains 10 - 1  oz. Original Chips, 5 - 1 oz. Ripple Chips, 5 - 1 oz. BBQ  Chips, 5 - 1 oz. Sour Cream & Onion Chips, 6 - 1 oz. Cheese  Curls, 6 - 1 oz. Party Mix, 5 - .75 oz. White Cheddar Popcorn.,  , • INDIVIDUALLY PACKAGED – These individual snacks are  packaged for your ultimate convenience. They are ideal for  filling the office breakroom or your home pantry. Plus, they  are packed for resale so they’re great vending machine  snacks.,  , • TRAVEL SNACKS – This pack of portable snacks is perfect  for school or lunch boxes, to bring with you on the go, or to  keep handy for whenever the cravings strike. Trust us, a  sandwich just isn’t the same without a crunchy snack on the  side!,  , • GREAT CRUNCH – No matter what variety of Utz snacks are  your favorite, you can be sure you’re getting a great,  satisfying crunch. We have expertly refined our cooking  process to give you the best snacks foods possible.,  , • WE ARE UTZ – Since 1921, Utz has been making and selling  quality pretzels and other delicious snacks in Hanover, PA,  the snack capital of the world! We’re a family-managed  business providing snacks that are crunchier, lighter, fresher  and simply better.",-
 Snacks,Sabor Nuestro CHURRO CIN SUG,2 oz • 50 x 2 oz,$35.99 ,http://95.217.130.223:9000/instacart-product-images/large_3b336ff1-dcb4-42dc-aecf-6f64d1aeb1d1.png,-,-
 Snacks,Hershey's Milk Chocolate Bar,1.55 oz • 36 x 1.55 oz,$45.99 ,http://95.217.130.223:9000/instacart-product-images/large_21b67ea9-c115-49b0-8fc7-0451abafc885.png,Please note this product is for 1 unit. Please see promotion to purchase case price.,"Keep in a cool, dry place. This product should not be exposed to dampness, heat or placed near drugs, oils, tobacco, or anything from which the product could absorb odors. Store and display in a clean, sanitary, pest-free environment separated from goods which may harbor pests, such as pet food and bird seed. Do not sell any of our goods which do not satisfy these conditions. Please notify us with complete information of such circumstances., 1. Punch hole create opening. 2. Pull lid forward. 3. Tear at perforation. 4. Ready to display."
 Snacks,Frito Lay Flamin' Hot Mix Variety 52.5 Oz 30 Count,30 each • $0.67 each,$19.99 ,http://95.217.130.223:9000/instacart-product-images/large_ae314819-e8dd-4ab3-88dc-7e51b9de691f.jpg,Please note this product is for 1 unit. Please see promotion to purchase case price.,Ready to Eat
 Snacks,"Frito Lay Snack Mix, Variety Mix",1 each • 30 ct,$19.99 ,http://95.217.130.223:9000/instacart-product-images/large_cab82ea6-b877-499f-b24f-af69605dcb53.png,Please note this product is for 1 unit. Please see promotion to purchase case price.,"Tear-away top., Guarantee fresh until printed date or this snack is on us."
 Snacks,"Frito Lay Doritos Cheetos Mix, Bigger Bags",1 each,$19.99 ,"http://95.217.130.223:9000/instacart-product-images/large_80958041-999a-4fe4-afdc-4464a17366c3.png, http://95.217.130.223:9000/instacart-product-images/large_bc04ee84-0aa6-4f03-9965-cbf03f734472.png, http://95.217.130.223:9000/instacart-product-images/large_87e83f62-39dc-40ec-9fca-a8b35a977e17.png",Please note this product is for 1 unit. Please see promotion to purchase case price.,Tear-away top.
 Snacks,"Frito Lay Snacks Premiere Mix Variety 47 Oz, 30 Count",1 each,$19.99 ,"http://95.217.130.223:9000/instacart-product-images/large_e5954f94-68d0-4cff-9185-b301d405e6ec.png, http://95.217.130.223:9000/instacart-product-images/large_e677a297-afa8-419f-b44f-4362e3556779.png, http://95.217.130.223:9000/instacart-product-images/large_3960653b-e7bd-48e5-87a1-154e727fb852.png",Please note this product is for 1 unit. Please see promotion to purchase case price.,"Tear-away top. Easy to store. Easy to grab & go., Guarantee fresh until printed date or this snack is on us."
 Snacks,"Frito Lay Snacks Premiere Mix Variety 47 Oz, 30 Count",1 each,$19.99 ,"http://95.217.130.223:9000/instacart-product-images/large_e5954f94-68d0-4cff-9185-b301d405e6ec.png, http://95.217.130.223:9000/instacart-product-images/large_e677a297-afa8-419f-b44f-4362e3556779.png, http://95.217.130.223:9000/instacart-product-images/large_3960653b-e7bd-48e5-87a1-154e727fb852.png",Please note this product is for 1 unit. Please see promotion to purchase case price.,"Tear-away top. Easy to store. Easy to grab & go., Guarantee fresh until printed date or this snack is on us."
 Snacks,"Frito Lay Snacks Premiere Mix Variety 47 Oz, 30 Count",1 each,$19.99 ,"http://95.217.130.223:9000/instacart-product-images/large_e5954f94-68d0-4cff-9185-b301d405e6ec.png, http://95.217.130.223:9000/instacart-product-images/large_e677a297-afa8-419f-b44f-4362e3556779.png, http://95.217.130.223:9000/instacart-product-images/large_3960653b-e7bd-48e5-87a1-154e727fb852.png",Please note this product is for 1 unit. Please see promotion to purchase case price.,"Tear-away top. Easy to store. Easy to grab & go., Guarantee fresh until printed date or this snack is on us."
 Snacks,Cheetos Cheese Flavored Snacks,50 oz • $0.48/oz,$23.99 ,"http://95.217.130.223:9000/instacart-product-images/large_bc477877-d170-4918-8860-92521f3bdde6.png, http://95.217.130.223:9000/instacart-product-images/large_2d1fdfe2-c2d4-4b59-bca0-44a88cad148b.png, http://95.217.130.223:9000/instacart-product-images/large_09df43b3-ede9-4e37-bbf4-ca38353bd59f.png","CHEETOS snacks are the much-loved cheesy treats that are fun for everyone! You just can’t eat a CHEETOS snack without licking the signature “cheetle” off your fingertips. And wherever the CHEETOS brand and CHESTER CHEETAH go, cheesy smiles are sure to follow. ,  , • Regular,  , • 50 Ounce",See nutritional information on bottom.
 Snacks,Sabor Nuestro SAB NU PLNTAN STRP 12Z,12 oz • $0.50/oz,$5.99 ,http://95.217.130.223:9000/instacart-product-images/large_4a03b624-844f-42bf-9c3e-6015badca968.png,Please note this product is for 1 unit. Please see promotion to purchase case price.,-
 Snacks,Ocean Spray Sweetened Dried Cranberries,48 oz • $0.23/oz,$10.99 ,http://95.217.130.223:9000/instacart-product-images/large_285da951-747c-4eb8-9105-f0e6d5924455.jpg,Please note this product is for 1 unit. Please see promotion to purchase case price.,-
 Snacks,Hostess Orange Flavored Cupcakes Single Serve,3.38 oz • 2 x 3.38 oz,$11.99 ,http://95.217.130.223:9000/instacart-product-images/large_6ebbeafa-9324-49ff-98e7-26337580677d.png,Please note this product is for 1 unit. Please see promotion to purchase case price.,Ambient Temperature
 Snacks,7Days Soft Croissant with vanilla filling artificially flavored,6 each • $1.33 each,$7.99 ,http://95.217.130.223:9000/instacart-product-images/large_f2fcf700-7cdc-4c52-a8b8-101a6f92fb78.jpg,Please note this product is for 1 unit. Please see promotion to purchase case price.,-
 Snacks,"Pringles Potato Crisps Chips, Lunch Snacks",48 ct • $0.54 each,$25.99 ,"http://95.217.130.223:9000/instacart-product-images/large_49768ac5-9953-4fc9-bf6a-86b90a1a9f90.jpg, http://95.217.130.223:9000/instacart-product-images/large_979d8839-2f61-469e-9e4a-6f332ad7c2bf.jpg, http://95.217.130.223:9000/instacart-product-images/large_ca97c666-bd9f-454e-96a5-480819cdaf8a.jpg",", Discover the crisp, crunchy, hit-the-spot taste of potato in your choice of three delicious flavors. This variety pack includes single-serve cups of Original, Cheddar Cheese, and Sour Cream and Onion flavors. Insanely light, crispy and never greasy, they’re bursting with salty, savory flavor. These conveniently sized small cups make it easy to grab n’ go. Create snacking moments wherever and whenever; Grab a cup as a pick-me-up for after school or pack into school lunch boxes. Bring these portable snacks to game time and pack a few for other Pringles fans. Stash this anytime snack in your pantry or work desk to enjoy anytime. Share the variety pack at your next cookout or BBQ to turn up the flavor and fun among family and friends. Get your hands on Pringles potato crisps for enticing flavor options that keep you coming back, stack after stack.​, • Grab n’ go sized variety pack of three delicious Pringles flavors; Cheddar Cheese, Original, and Sour Cream and Onion​​, • Crank up snacking moments with three flavors of stackable potato crisps chips, seasoned with craveable flavors from edge to edge​​, • Always tasty, never greasy snacks; Contains milk and wheat ingredients​, • Single-portion cups pack perfectly into school lunch boxes, backpacks, or tote bags; Easy and portable anytime snack​, • Includes one, 33.8oz box containing 12 Sour Cream and Onion, 24 Original, and 12 Cheddar Cheese Pringles potato crisps; Packaged for freshness​​",Ready to Eat
 Snacks,Hostess Powdered Mini Donuts,30 oz • $0.67/oz,$19.99 ,http://95.217.130.223:9000/instacart-product-images/large_0eca84a7-ad0e-4824-8ce0-efd3125dc62a.png,Please note this product is for 1 unit. Please see promotion to purchase case price.,-
 Snacks,Hostess Coffee Cakes Single Serve,2.89 oz • 2 x 2.89 oz,$14.99 ,http://95.217.130.223:9000/instacart-product-images/large_fbf53bd5-5e42-4223-bcef-c8a2049509c4.jpg,Please note this product is for 1 unit. Please see promotion to purchase case price.,Ambient Temperature
 Snacks,TWIX Caramel Cookie Chocolate Candy Bars Bulk Pack,1.79 oz • 36 x 1.79 oz,$44.99 ,"http://95.217.130.223:9000/instacart-product-images/large_929012b1-6c66-4425-828f-fba580a468bb.jpg, http://95.217.130.223:9000/instacart-product-images/large_60d8f4fc-4abb-4d58-9e32-4f8e7f52315b.jpg, http://95.217.130.223:9000/instacart-product-images/large_167b5c03-4d12-4ee4-9b37-8a9351f6123c.jpg",Please note this product is for 1 unit. Please see promotion to purchase case price.,-
 Snacks,KIND Nuts & Spices Dark Chocolate Nuts & Sea Salt Bar,1.4 oz • 12 x 1.4 oz,$19.99 ,"http://95.217.130.223:9000/instacart-product-images/large_f0badadd-a70d-4255-b085-ffcaa3e35dc7.png, http://95.217.130.223:9000/instacart-product-images/large_be6a57b2-d7eb-4747-8356-16ad8c170c40.png, http://95.217.130.223:9000/instacart-product-images/large_906615cb-7311-4317-97e6-4bfb40e19c85.png",Please note this product is for 1 unit. Please see promotion to purchase case price.,"Store in a cool, dry place."
 Snacks,CLIF BAR Chocolate Chip Energy Bars,2.4 oz • 12 x 2.4 oz,$19.99 ,"http://95.217.130.223:9000/instacart-product-images/large_ca43a9a1-1cbb-4f42-96c6-695f0862c3bf.jpg, http://95.217.130.223:9000/instacart-product-images/large_ed890929-94b8-4180-9f0f-f0bbb0164468.jpg, http://95.217.130.223:9000/instacart-product-images/large_f882ad41-958f-4f24-9eb1-53d9b7fda9a2.jpg",Please note this product is for 1 unit. Please see promotion to purchase case price.,-
 Snacks,"Frito Lay Bold Mix, Variety Packs",50 each • $0.48 each,$23.99 ,"http://95.217.130.223:9000/instacart-product-images/large_07d8e5d7-caa7-4e93-8b00-7f3116eb6c9e.png, http://95.217.130.223:9000/instacart-product-images/large_ab24d276-332c-41ef-a215-927cad89c094.png, http://95.217.130.223:9000/instacart-product-images/large_774c8d86-7350-4991-b225-ec43d0cc51c8.png",Please note this product is for 1 unit. Please see promotion to purchase case price.,Guaranteed fresh until printed date or this snack is on us.
 Snacks,"Frito Lay Classic Mix, Variety Pack",1 oz • 50 x 1 oz,$23.99 ,"http://95.217.130.223:9000/instacart-product-images/large_bdd5c921-439c-41ca-996a-bf2f5f3967d8.png, http://95.217.130.223:9000/instacart-product-images/large_1c0c3a2b-c7d3-4a6a-8d94-6bf7ffd98080.png, http://95.217.130.223:9000/instacart-product-images/large_0fc6b981-c034-4d92-b1fe-e9fa660eaa41.png",Please note this product is for 1 unit. Please see promotion to purchase case price.,Guarantee fresh until printed date or this snack is on us.
 Snacks,"Frito Lay Classic Mix, Variety Pack",1 oz • 50 x 1 oz,$23.99 ,"http://95.217.130.223:9000/instacart-product-images/large_bdd5c921-439c-41ca-996a-bf2f5f3967d8.png, http://95.217.130.223:9000/instacart-product-images/large_1c0c3a2b-c7d3-4a6a-8d94-6bf7ffd98080.png, http://95.217.130.223:9000/instacart-product-images/large_0fc6b981-c034-4d92-b1fe-e9fa660eaa41.png",Please note this product is for 1 unit. Please see promotion to purchase case price.,Guarantee fresh until printed date or this snack is on us.
 Snacks,KIND Almond & Coconut Bars,1.4 oz • 12 x 1.4 oz,$19.99 ,"http://95.217.130.223:9000/instacart-product-images/large_58111179-af01-48a7-95b3-729895d30e68.png, http://95.217.130.223:9000/instacart-product-images/large_36fa0803-2648-4608-bacf-4d304b0529b4.png, http://95.217.130.223:9000/instacart-product-images/large_00f421c0-1fb1-48d2-9394-5b324f99f8d6.png",Please note this product is for 1 unit. Please see promotion to purchase case price.,"Store in a cool, dry place."
 Snacks,KIND Cranberry Almond Plus Antioxidants Fruit & Nut Bars,1.4 oz • 12 x 1.4 oz,$19.99 ,"http://95.217.130.223:9000/instacart-product-images/large_3775273d-a977-4a26-b1ba-49c4e62ff8db.jpg, http://95.217.130.223:9000/instacart-product-images/large_6e864a77-a9c8-4bcb-a8ec-441fd5152f8f.jpg, http://95.217.130.223:9000/instacart-product-images/large_f011513f-8d44-4a40-a271-c0975e8ca7f6.jpg",Please note this product is for 1 unit. Please see promotion to purchase case price.,"Store in a cool, dry place."
 Snacks,Takis Assorted Rolled Tortilla Chips Variety Pack,46 ct • $0.43 each,$19.99 ,"http://95.217.130.223:9000/instacart-product-images/large_9f8ec477-22e8-401d-9a18-2e7253f5e24b.jpg, http://95.217.130.223:9000/instacart-product-images/large_d241e044-e008-4def-9808-5fbd77a594b0.jpg, http://95.217.130.223:9000/instacart-product-images/large_0de00867-1f48-425c-a17b-ca2484ac5dfd.jpg",Takis. Face the Intensity.,-
 Snacks,Takis Fuego Rolled Tortilla Chips Multipack,1 oz • 46 x 1 oz,$19.99 ,"http://95.217.130.223:9000/instacart-product-images/large_0db963df-41a9-444c-b469-aaf2e5c15cba.jpg, http://95.217.130.223:9000/instacart-product-images/large_c69f0ab2-fbf0-4b1f-9e97-68f709e8854e.jpg, http://95.217.130.223:9000/instacart-product-images/large_e4c50ff7-c7e6-4916-b9b5-8ce8cc549f8a.jpg",Takis. Face the Intensity.,-
 Snacks,"Dum Dums Original Mix, Lollipops, Assorted Flavor Candy",200 ct • $0.06 each,$11.99 ,"http://95.217.130.223:9000/instacart-product-images/large_6eed7ad3-2b7a-4dc9-b562-6d2e9d0848bd.jpg, http://95.217.130.223:9000/instacart-product-images/large_f91fdd97-e6fe-4378-aedd-80f571ab9a34.jpg, http://95.217.130.223:9000/instacart-product-images/large_ad8fc89e-f57c-4a1f-9678-a71f9e8bd483.jpg","Add Dum-Dums to your shopping list!  Up to sixteen flavors included in each pack including delicious fruity flavors like Blu Raspberry, Fruit Punch, Watermelon, Pineapple, Cherry and Sour Apple.  You’ll also find all-time favorites like Cream Soda, Root Beer, Butterscotch.  And don’t forget the famous Mystery Flavor which will keep you guessing!  New flavors are introduced every year.  Dum-Dums have a way of brightening life's everyday moments at home, on the go, or at work.  Share Dum-Dums with your family, friends, students, or customers.  Dum-Dums can also add a pop of color and flavor to your next party.  These famous pops have a long history of helping us to find the fun and playful side of daily life!  Find an old favorite or discover a new one in the seemingly endless variety of tasty flavors.  Dum-Dums are made by Spangler, a family company making family treats since 1906.  Dum-Dums, Make Life POP!",Store in a cool dry place.
 Snacks,CLIF BAR Chocolate Brownie Flavor Energy Bars,2.4 oz • 12 x 2.4 oz,$19.99 ,"http://95.217.130.223:9000/instacart-product-images/large_9fbb2465-f7a8-4bdb-bab4-f40df6a3803b.jpg, http://95.217.130.223:9000/instacart-product-images/large_00766cc0-a81f-43a8-84a8-755e4e435d1f.jpg, http://95.217.130.223:9000/instacart-product-images/large_afaad3e1-72c8-4d57-8dcd-16365eb98f96.jpg",Please note this product is for 1 unit. Please see promotion to purchase case price.,-
 Snacks,Oreo Chocolate Sandwich Cookies Snacks,72 oz • 30 x 72 oz,$17.99 ,"http://95.217.130.223:9000/instacart-product-images/large_aa6ed25f-d2fd-4174-b241-a54f3bc99cb7.jpg, http://95.217.130.223:9000/instacart-product-images/large_b1b4f5be-b9e9-4565-80ed-d65f5b2457f2.jpg, http://95.217.130.223:9000/instacart-product-images/large_9ceaf481-8ea5-4db0-821d-0f87c0b70d0c.jpg","Take a delicious break with OREO Chocolate Sandwich Cookies. Always made with Real Cocoa, OREO cookies sandwich a rich creme filling between two chocolate wafers, making them milk's favorite cookie. Original OREO cookies snack packs are great for taking on the go, packing with lunch for school or work, or mixing into milkshakes and desserts. Individual cookie snack packs are great for snacking, traveling, and serving as party favors. Individually wrapped snack packs keep OREO cookies fresh and ready to share. , • One box of 30 snack packs, 6 cookies per pack, of OREO Chocolate Sandwich Cookies (packaging may vary). , • Chocolate wafers Always made with Real Cocoa filled with original OREO creme. , • Certified kosher OREO sandwich cookies are perfectly dunkable. , • OREO cookie snack packs are great lunch snacks and on the go snacks. , • Individually wrapped snacks keep bulk cookie packs fresh and ready to share as office snacks, after school snacks or party favors. ","For best when used by information, please see date printed on package."
 Snacks,"Pringles Potato Crisps Chips, Lunch Snacks",48 ct • $0.54 each,$25.99 ,"http://95.217.130.223:9000/instacart-product-images/large_49768ac5-9953-4fc9-bf6a-86b90a1a9f90.jpg, http://95.217.130.223:9000/instacart-product-images/large_979d8839-2f61-469e-9e4a-6f332ad7c2bf.jpg, http://95.217.130.223:9000/instacart-product-images/large_ca97c666-bd9f-454e-96a5-480819cdaf8a.jpg",", Discover the crisp, crunchy, hit-the-spot taste of potato in your choice of three delicious flavors. This variety pack includes single-serve cups of Original, Cheddar Cheese, and Sour Cream and Onion flavors. Insanely light, crispy and never greasy, they’re bursting with salty, savory flavor. These conveniently sized small cups make it easy to grab n’ go. Create snacking moments wherever and whenever; Grab a cup as a pick-me-up for after school or pack into school lunch boxes. Bring these portable snacks to game time and pack a few for other Pringles fans. Stash this anytime snack in your pantry or work desk to enjoy anytime. Share the variety pack at your next cookout or BBQ to turn up the flavor and fun among family and friends. Get your hands on Pringles potato crisps for enticing flavor options that keep you coming back, stack after stack.​, • Grab n’ go sized variety pack of three delicious Pringles flavors; Cheddar Cheese, Original, and Sour Cream and Onion​​, • Crank up snacking moments with three flavors of stackable potato crisps chips, seasoned with craveable flavors from edge to edge​​, • Always tasty, never greasy snacks; Contains milk and wheat ingredients​, • Single-portion cups pack perfectly into school lunch boxes, backpacks, or tote bags; Easy and portable anytime snack​, • Includes one, 33.8oz box containing 12 Sour Cream and Onion, 24 Original, and 12 Cheddar Cheese Pringles potato crisps; Packaged for freshness​​",Ready to Eat
 Snacks,"Cheez-It Cheese Crackers, Baked Snack Crackers, Lunch Snacks, Original",45 ct • $0.44 each,$19.99 ,"http://95.217.130.223:9000/instacart-product-images/large_8658ab64-0a3b-4f3f-8557-0594998f0232.jpg, http://95.217.130.223:9000/instacart-product-images/large_d8fb7212-364f-4274-90cc-167f356541fb.jpg, http://95.217.130.223:9000/instacart-product-images/large_687c6704-f1b5-4cd9-a68d-6eb2c0b62307.jpg",", Outrageously cheesy and perfectly portable, these pouches of Cheez-It baked snack crackers contain deliciously crunchy little crackers that have captured cheese-lovers for decades. Discover a crowd-favorite snack made with 100% real cheese baked to crispy perfect for an irresistible taste in every crunchy bite. Each lightly salted crisp is loaded with a burst of cheesy flavor; Cheez-It baked snack crackers are an on-the-go fan-favorite for game night, school snacks, family movie nights, late-night snacking, and so much more, the cheesy options are endless. Delicious for all ages, grab a pouch of Cheez-It Original crackers for every family snacking moment. Whether you're packing them in school lunches, grabbing some for the office, or taking along on a road trip, you'll find a delicious, crisp snack that is filled with big cheese flavor. It’s no wonder that these bite-sized crackers have become a crowd-favorite, bringing smiles and that urge for just one more handful., • On-the-go snack pouches each packed with deliciously cheesy, light and crispy snack crackers made with 100% real cheese and a sprinkle of salt, • Ignite cravings with the crunchy bite and bold cheese flavor found in each and every Cheez-It cracker; Want It, Need It, Cheez-It, • Made with 100% real cheese aged for a bold taste; Kosher Dairy; Contains wheat, milk, and soy ingredients, • An on-the-go snack; Ideal for road trips, lunch snacks, at the game, or as an afternoon snack; Pack in lunchboxes and backpacks​, • Includes 1, 67.5oz box containing 45, 1.5oz individually wrapped packs of ready-to-eat snack crackers; Packaged for freshness and great taste",Ready to Eat
 Snacks,CLIF BAR Crunchy Peanut Butter Energy Bars,2.4 oz • 12 x 2.4 oz,$19.99 ,"http://95.217.130.223:9000/instacart-product-images/large_ed2a7b87-8c44-45b6-a0f9-f45193fcbe3e.jpg, http://95.217.130.223:9000/instacart-product-images/large_c83bf8c7-ebac-4451-a8f9-ae3dee44d01f.jpg, http://95.217.130.223:9000/instacart-product-images/large_058c4d69-3ec6-4388-9cee-f104742e255a.jpg",Please note this product is for 1 unit. Please see promotion to purchase case price.,-
 Snacks,"Miss Vickie's Potato Chips, Variety Mix",30 each • $0.67 each,$19.99 ,"http://95.217.130.223:9000/instacart-product-images/large_0f3db190-34c4-4cf9-9e4f-343611d3193c.png, http://95.217.130.223:9000/instacart-product-images/large_5ed9665e-7d7c-48f0-bf2f-6b3c72b33f5e.png, http://95.217.130.223:9000/instacart-product-images/large_2d4b4d8e-8ac5-420e-a48d-fb975644d143.png",Please note this product is for 1 unit. Please see promotion to purchase case price.,"Tear-away top. , Guarantee fresh until printed date or this snack's on us."
 Snacks,"Fritos Corn Chips, The Original",1 oz • 50 x 1 oz,$23.99 ,"http://95.217.130.223:9000/instacart-product-images/large_cdefc611-9ada-4cb7-ba6f-2eba6bd80601.png, http://95.217.130.223:9000/instacart-product-images/large_4c23b877-e353-401f-9249-0fd052d0d127.png, http://95.217.130.223:9000/instacart-product-images/large_dc859ac4-454b-4582-9009-097c69445adb.png","• Kosher,  , • No MSG,  , • Gluten Free,  , • No Artificial Flavors,  , • No Preservatives/No Artificial Preservatives","Guarantee fresh, until printed date or this snack's on us."
 Frozen snacks,Big C Sweet Potato French Fries,2.5 lb • 6 x 2.5 lb,$29.99 ,http://95.217.130.223:9000/instacart-product-images/large_53be4a9a-30bb-4950-92aa-1ed408de810b.jpg,Please note this product is for 1 unit. Please see promotion to purchase case price.,-
 Frozen snacks,Cavendish Farms R Saver Crinkle Cut French Fries,5 lb • 6 x 5 lb,$32.99 ,http://95.217.130.223:9000/instacart-product-images/large_5c71a625-1984-4057-937e-324cfbf76881.png,-,-
 Frozen snacks,MT Frozen Caribbean Conch,5 lb • 10 x 5 lb,$65.99 ,http://95.217.130.223:9000/instacart-product-images/large_dea69503-4a9e-483d-a0e6-50d7f2a1899b.jpg,Please note this product is for 1 unit. Please see promotion to purchase case price.,-
 Frozen snacks,Grandma's Cuisine Potato & Cheese Pierogi,8 ct • $2.25 each,$17.99 ,http://95.217.130.223:9000/instacart-product-images/large_0b49118b-faf0-4966-9931-bd64324cb445.png,Please note this product is for 1 unit. Please see promotion to purchase case price.,-
 Frozen snacks,McCain Redstone Canyon Fries,4 lb • 6 x 4 lb,$49.99 ,http://95.217.130.223:9000/instacart-product-images/large_51e72b07-969c-4eb4-ae4f-44d7772f5cb5.jpg,-,-
 Frozen snacks,Big C Breaded Butter Mushrooms,6 lb • $0.27/oz,$25.99 ,http://95.217.130.223:9000/instacart-product-images/large_6ecef67c-c360-45c6-8e90-0c2cadc9e933.jpeg,-,-
 Frozen snacks,Big C Straight Cut Platinum Coated Fries,5 lb • 6 x 5 lb,$49.99 ,http://95.217.130.223:9000/instacart-product-images/large_5ed56f29-e11c-4f00-aa0a-bd87743a28bb.png,-,-
 Frozen snacks,"Tower Isles Jamaican Style, Mild Beef, Patties",5 oz • 9 x 5 oz,$66.99 ,"http://95.217.130.223:9000/instacart-product-images/large_fb618427-4b82-4dac-bf2f-0940c44e575a.jpg, http://95.217.130.223:9000/instacart-product-images/large_911d481b-786c-4c85-9392-5ee2152c2f66.png, http://95.217.130.223:9000/instacart-product-images/large_200d1a50-f33f-41c0-97f4-a2325ca00790.png",-,-
 Frozen snacks,Big C Jalapeno Peppers With Cheddar Cheese,7 lb • $0.32/oz,$35.99 ,http://95.217.130.223:9000/instacart-product-images/large_87b929dc-6127-40bf-8f6d-15ab6b292533.jpg,-,-
 Frozen snacks,Cavendish Jersey Shore Cut French Fries,4.5 lb • $0.76/oz,$54.99 ,http://95.217.130.223:9000/instacart-product-images/large_4f50a8ce-3810-4c18-9e03-84ca602c96ae.png,-,-
 Frozen snacks,Big C Steak-Cut French Fries,5 lb • 6 x 5 lb,$39.99 ,http://95.217.130.223:9000/instacart-product-images/large_1cee7ad7-2e6c-436d-81f4-b155473eb99e.png,-,-
 Frozen snacks,Crescent Frozen Halal Chicken Sandwich Slices,10 lb • $0.30/oz,$47.99 ,http://95.217.130.223:9000/instacart-product-images/large_b72d657f-01e5-412d-83d8-56340358ebd8.jpg,-,-
 Frozen snacks,Gourmet King Mini Vegetable Spring Rolls,0.88 oz • 40 x 0.88 oz,$5.99 ,http://95.217.130.223:9000/instacart-product-images/large_cea184fd-312b-457a-b054-b99acd1e41dc.png,Please note this product is for 1 unit. Please see promotion to purchase case price.,-
 Frozen snacks,Big C Coated Shoestring French Fries,4.5 lb • $0.69/oz,$49.99 ,http://95.217.130.223:9000/instacart-product-images/large_f3d0b821-3af9-43fd-be9e-8ca80de5c7c4.png,-,-
 Frozen snacks,Kontos Spanakopita,12 each • $0.75 each,$8.99 ,http://95.217.130.223:9000/instacart-product-images/large_2a083f25-6621-4978-9f6f-a5a39240b088.jpg,Please note this product is for 1 unit. Please see promotion to purchase case price.,Keep frozen. Preheat conventional oven to 400 degrees F. Arrange frozen spanakopita on baking sheet. Bake for about 35 minutes or until golden brown and serve! Leftovers? - Wrap in foil and refreeze. Reheat as above. Do not microwave.
 Frozen snacks,Frozen Chicken & Veggies Dumplings,2.5 lb • $0.37/oz,$14.99 ,http://95.217.130.223:9000/instacart-product-images/large_c7e68a24-f62a-490e-bdd2-240a752df18f.png,Please note this product is for 1 unit. Please see promotion to purchase case price.,-
 Frozen snacks,"3/8"" Big Straight Cut French Fries",5 lb • $0.47/oz,$37.99 ,http://95.217.130.223:9000/instacart-product-images/large_9c3653e2-c0bd-463b-ba51-3e87ffb4b0c5.png,-,-
 Frozen snacks,"Big C 0.5"" Crinkle Cut Frozen French Fried Potatoes",5 lb • 6 x 5 lb,$37.99 ,http://95.217.130.223:9000/instacart-product-images/large_83b9e6bd-e281-4901-845c-e146b5d6e542.png,-,-
 Frozen snacks,Frozen Dump Vegetable,2.5 lb • $0.37/oz,$14.99 ,http://95.217.130.223:9000/instacart-product-images/large_9ffb515f-434f-482b-95b0-c9ba4367736e.jpg,Please note this product is for 1 unit. Please see promotion to purchase case price.,-
 Frozen snacks,Big C Battered Thick-Cut Mozzarella Sticks,7 lb • $0.27/oz,$29.99 ,http://95.217.130.223:9000/instacart-product-images/large_c76fbf33-5c80-418e-8060-bf5e488def62.jpg,-,-
 Frozen snacks,"RESTAURANT SAVER 3/8"" Straight Cut Fries",5 lb • 6 x 5 lb,$34.99 ,http://95.217.130.223:9000/instacart-product-images/large_b2c9edec-7f94-4811-8edf-ccc89cb8d99f.png,-,-
 Frozen snacks,Big C Battered Onion Rings,2.5 lb • 4 x 2.5 lb,$29.99 ,http://95.217.130.223:9000/instacart-product-images/large_2b6171d2-7675-48a7-99ba-d4efdbee571d.jpg,-,-
 Frozen snacks,Frozen Cocktail Franks,100 ct • $0.30 each,$29.99 ,http://95.217.130.223:9000/instacart-product-images/large_4945ea74-f069-4ac8-8e78-313c2c2a3000.png,Please note this product is for 1 unit. Please see promotion to purchase case price.,-
 Frozen snacks,Big C Battered Thick Cut Mozzarella Sticks,7 lb • $0.27/oz,$29.99 ,http://95.217.130.223:9000/instacart-product-images/large_5892b516-bf6c-46aa-b60d-6564b8c8b2f2.jpg,-,-
 Frozen snacks,Big C Premium Select Crispy Tater Tots,1 lb • $2.31/oz,$36.99 ,http://95.217.130.223:9000/instacart-product-images/large_0a53be5c-71c4-40d3-b304-0f8b03bce91d.png,-,-
 Frozen snacks,Frozen Philadelphia's Finest Seasoned Chicken Steak,1 each,$22.99 ,http://95.217.130.223:9000/instacart-product-images/large_2b97d283-2fc7-479d-b95a-1b35b53bd4de.jpg,-,-
 Frozen snacks,Catalina Ham Croquettes Family Pack 40 Count,47 oz • $0.28/oz,$12.99 ,http://95.217.130.223:9000/instacart-product-images/large_67df049e-487b-47d8-a2d3-fbcf89f5c948.jpg,Please note this product is for 1 unit. Please see promotion to purchase case price.,"Keep frozen. Deep Fry. Pre heat oil to 350 degrees F. Use enough oil to fully cover the Catalina Croquettes. Fry the croquettes for 5 minutes. Let set for 2 minutes. Minimum internal temperature reached should be 150 degrees F. Do not fry more than 4 at a time. Pan Fry: In a skillet pan, preheat over Medium High heat enough oil to cover bottom of the pan. Fry the croquettes for 6 minutes. Let set for 2 minutes. Minimum internal temperature should be 150 degrees F. Turn frequently. Do not fry more than 4 at a time. This product was prepared from inspected and passed meat and/or poultry. Some food products may contain bacteria that could cause illness if the product is mishandled or cooked improperly. For your protection, follow these safe handling instructions. Keep refrigerated or frozen. Thaw in refrigerator or microwave. Keep raw meat and poultry separate from other foods. Wash working surfaces, (including cutting boards), utensils and hands after touching raw meat or poultry. Cook thoroughly. Keep hot foods hot, refrigerate leftovers immediately or discard."
 Frozen snacks,Big C Breaded Homestyle Onion Rings,2 lb • $0.78/oz,$24.99 ,http://95.217.130.223:9000/instacart-product-images/large_298dc602-00d7-46f1-a1bf-a18f1c8561a9.jpeg,-,-
 Frozen snacks,Big C Preformed Breaded Onion Rings,2 lb • 5 x 2 lb,$19.99 ,http://95.217.130.223:9000/instacart-product-images/large_22343189-b944-4d23-9040-41fabe25577f.jpg,-,-
 Frozen snacks,Big C Breaded Mozzarella Sticks,7 lb • $0.27/oz,$29.99 ,http://95.217.130.223:9000/instacart-product-images/large_3a0bbf8b-e5c1-46e6-904c-62f67cd354c6.jpg,-,-
 Frozen snacks,Catalina Stuffed Potato Balls,5 oz • 24 x 5 oz,$29.99 ,http://95.217.130.223:9000/instacart-product-images/large_5ed348df-1cdf-4b8d-8d25-b16c48ac64c9.jpg,-,-
 Frozen snacks,Big C Beer-Battered Steak-Cut Onion Rings,10 lb • $0.20/oz,$31.99 ,http://95.217.130.223:9000/instacart-product-images/large_452447f9-587d-4abf-83a9-b333818ad9c6.jpg,-,-
 Frozen snacks,Big C Breaded Zucchini Sticks,6 lb • $0.21/oz,$19.99 ,http://95.217.130.223:9000/instacart-product-images/large_3b338284-ff7b-4500-9e90-797736db0f0e.png,-,-
 Frozen snacks,Big C Jalapeno Cream Cheese Poppers,7 lb • $0.32/oz,$35.99 ,http://95.217.130.223:9000/instacart-product-images/large_ed43f769-688a-4749-80d3-820c28b0e3cd.png,-,-
 Frozen snacks,Big C Battered Broccoli Cheese Bites,6 lb • $0.39/oz,$36.99 ,http://95.217.130.223:9000/instacart-product-images/large_585a8fd2-2a53-4731-96d3-76622267c654.jpg,-,-
 Frozen snacks,Frozen Dele Cheese Tequeno,2.5 oz • 30 x 2.5 oz,$33.99 ,http://95.217.130.223:9000/instacart-product-images/large_157f4690-7d94-4c4c-9111-167861eb0e4b.png,-,-
 Frozen snacks,"Big C 3/8"" Seasoned French Fries",4.5 lb • 6 x 4.5 lb,$47.99 ,http://95.217.130.223:9000/instacart-product-images/large_165e82cf-202f-4563-96ea-a295316d9cf5.png,-,-
 Frozen snacks,"Big C 3/8"" Coated Excalibur Fries",4.5 lb • 6 x 4.5 lb,$47.99 ,http://95.217.130.223:9000/instacart-product-images/large_66aef0e8-1c05-496f-96f3-47ffd45a4559.png,-,-
 Frozen snacks,"Big C 3/8"" Straight Cut Skin On Fries",5 lb • 6 x 5 lb,$49.99 ,http://95.217.130.223:9000/instacart-product-images/large_e5715ed0-aa96-4733-af05-d576e76895fb.png,-,-
 Frozen snacks,Cavendish Farms Frozen Jersey Shore Sweet Potato Fries,27 lb • $0.13/oz,$55.99 ,http://95.217.130.223:9000/instacart-product-images/large_9e4bc2ee-0677-4a25-8bba-1b7210f68598.png,-,-
 Cheese,James Farm Shredded Mild Cheddar Cheese,5 lb • $0.25/oz,$19.99 ,http://95.217.130.223:9000/instacart-product-images/large_ed72c12b-ce91-4414-bc62-6f67570a450a.png,Please note this product is for 1 unit. Please see promotion to purchase case price.,-
 Cheese,Tutta Bella Grated Parmesan Cheese,5 lb • $0.25/oz,$19.99 ,http://95.217.130.223:9000/instacart-product-images/large_8499e25f-8258-47e3-89f5-58645cf4b320.jpg,Please note this product is for 1 unit. Please see promotion to purchase case price.,-
 Cheese,"BelGioioso Sliced Fresh Mozzarella Cheese, Log, Cryo",16 oz • $0.37/oz,$5.99 ,http://95.217.130.223:9000/instacart-product-images/large_29d9fafb-aa84-4e7e-bcec-e603029cfbc6.png,Please note this product is for 1 unit. Please see promotion to purchase case price.,"Keep refrigerated., Open & enjoy!"
 Cheese,"Bella Rosa Cracker Cut - Cheddar Cheese, Pepper Jack, Colby Jack Cheese)",1 lb • $0.81/oz,$12.99 ,http://95.217.130.223:9000/instacart-product-images/large_75bbb217-ddaf-4da1-ab56-0f2095d1c899.png,"Bella Rosa's Cracker Cut Trays are ready-to-serve slices that feature four European favorites; Irish Cheddar, Dutch Gouda, Danish Havarti, and German-Swiss Cheese. , , We've crafted the best combination of cheeses to enhance your next Event or family gathering! Building your next cheese board has always been complex; now, all you need to add to your spread is fresh bread, nuts, fruit, and wine. , , Cheesemaster’s Flavor Notes:, (Irish Cheddar) Slightly sweet, Medium-sharp flavor; (Dutch Gouda)Buttery and Nutty; (Danish Havarti) Slightly acidic,  buttery, and mild sweetness; (German Swiss) Sweet and Nutty, , WWW.BELLAROSACHEESE.COM",-
 Cheese,James Farm Shredded Monterey Jack Cheddar Cheese,5 lb • $0.25/oz,$19.99 ,http://95.217.130.223:9000/instacart-product-images/large_2daefaf1-f1c9-4044-b30c-97e4665a3dc7.png,Please note this product is for 1 unit. Please see promotion to purchase case price.,-
 Cheese,"BelGioioso Fresh Mozzarella Cheese Burrata, Cup 8-2oz Mini Balls",16 oz • $0.62/oz,$9.99 ,http://95.217.130.223:9000/instacart-product-images/large_0d3a92e5-736b-4d89-967f-e9ef5dac81aa.png,Please note this product is for 1 unit. Please see promotion to purchase case price.,"Helpful Tip: To portion Burrata, the best tool is a spoon., Burrata Serving Ideas: Serve with tomatoes, fresh basil, olive oil, salt and pepper for a twist on a Caprese salad. Drizzle with olive oil and sprinkle with salt and freshly ground pepper. Serve on arugula greens. Pair with fresh grilled vegetables and cured meats for a tasty antipasto platter., Keep Refrigerated. Do not freeze., Gently cut seal, drain  water if desired., Once opened, use within 1-2 days for best flavor. Consume within 1-2 days after opening."
 Cheese,"BelGioioso Cheese, Fresh Mozzarella, Thin Sliced",16 oz • $0.37/oz,$5.99 ,"http://95.217.130.223:9000/instacart-product-images/large_1231590c-1fe9-470a-bda9-5e05ea8ea30c.png, http://95.217.130.223:9000/instacart-product-images/large_6ab549c8-88db-420b-97fc-7e61471f6c61.png, http://95.217.130.223:9000/instacart-product-images/large_9d841aa2-b789-4552-abe4-b95fb3f130a1.png",Please note this product is for 1 unit. Please see promotion to purchase case price.,"Keep refrigerated., Open & Enjoy!"
 Cheese,James Farm 160-Slice White American Cheese,5 lb • $0.25/oz,$19.99 ,http://95.217.130.223:9000/instacart-product-images/large_53eddc36-8d71-4b55-881b-ff7c532452ab.jpg,Please note this product is for 1 unit. Please see promotion to purchase case price.,-
 Cheese,Finlandia Swiss Premium Cheese Slices,24 oz • $0.46/oz,$10.99 ,http://95.217.130.223:9000/instacart-product-images/large_a3d6f94a-64bf-47b0-a1ab-bcb735087d6e.jpg,Please note this product is for 1 unit. Please see promotion to purchase case price.,-
 Cheese,BelGioioso Cesar Blend Shaved Cheese,5 lb • $0.42/oz,$33.99 ,http://95.217.130.223:9000/instacart-product-images/large_0d04759d-ed5c-4df4-9c2b-3f34dec8b6fd.png,Please note this product is for 1 unit. Please see promotion to purchase case price.,Keep refrigerated.
 Cheese,"BelGioioso Fresh Mascarpone Cheese, Cup",16 oz • $0.44/oz,$6.99 ,http://95.217.130.223:9000/instacart-product-images/large_2ebec2c6-8882-45db-845e-5d316a55bee5.png,Please note this product is for 1 unit. Please see promotion to purchase case price.,"Keep refrigerated. Do not freeze., For best flavor, once seal is broken consume within 3 - 5 days."
 Cheese,James Farm Mild Yellow Cheddar Cheese,5 lb • $0.25/oz,$19.99 ,http://95.217.130.223:9000/instacart-product-images/large_158324bb-f105-4852-bde5-ae6a7cee615a.png,Please note this product is for 1 unit. Please see promotion to purchase case price.,-
 Cheese,McCadam R/W Deli Loaf Muenster Cheese,About 5.0 lb each • $3.99 / lb (About 5.0 lb each)Final cost by weight,$19.95 each (est.),http://95.217.130.223:9000/instacart-product-images/large_f35fc3d9-f35b-41de-afee-16968c0eb67d.jpg,-,-
 Cheese,James Farm Fancy Shredded Cheddar Cheese,5 lb • $0.25/oz,$19.99 ,http://95.217.130.223:9000/instacart-product-images/large_c8b09b09-4cfc-4334-b836-7cac3465b63c.png,Please note this product is for 1 unit. Please see promotion to purchase case price.,-
 Cheese,James Farm Shredded Sharp Cheddar Cheese,5 lb • $0.25/oz,$19.99 ,http://95.217.130.223:9000/instacart-product-images/large_760dc69a-60a9-4069-b3eb-7f4bf2662803.png,Please note this product is for 1 unit. Please see promotion to purchase case price.,-
 Cheese,BelGioioso Fresh Mozzarella Slicing Loaf,6 lb • 5 x 6 lb,$29.99 ,http://95.217.130.223:9000/instacart-product-images/large_228f5a21-d3ed-4a81-9a96-edf6955cbf52.png,Please note this product is for 1 unit. Please see promotion to purchase case price.,-
 Cheese,"Tropical Cheese, Queso Blanco",10 oz • $0.60/oz,$5.99 ,http://95.217.130.223:9000/instacart-product-images/large_2e1aec90-de65-48b7-a779-a69d52c8a2be.png,Please note this product is for 1 unit. Please see promotion to purchase case price.,Keep refrigerated.
 Cheese,BelGioioso Pre-Sliced Provolone,2 oz • $5.00/oz,$9.99 ,http://95.217.130.223:9000/instacart-product-images/large_8aca48ca-ca34-4b90-ab10-e1ca8337bd76.png,Please note this product is for 1 unit. Please see promotion to purchase case price.,-
 Cheese,Président President Brie,2 lb • $0.50/oz,$15.99 ,"http://95.217.130.223:9000/instacart-product-images/large_ac00ea68-b85c-46b5-899d-169e2e86a864.png, http://95.217.130.223:9000/instacart-product-images/large_44e2692f-1403-4f61-b053-bc7e4feed95b.png, http://95.217.130.223:9000/instacart-product-images/large_eaaa6ceb-9095-4716-90a3-07b3b61ef7c7.png",Please note this product is for 1 unit. Please see promotion to purchase case price.,"Keep refrigerated. For the best taste and creamiest texture, remove the sealed container from the refrigerator and open the wrapping paper 30 to 40 minutes before serving. Wrap unused portions tightly in its convenient wrapping paper and return to refrigeration. Best if used by date stamped on package."
 Cheese,Supremo Italiano Whole Milk Cheese Ricotta,3 lb • $0.12/oz,$5.99 ,http://95.217.130.223:9000/instacart-product-images/large_2071b9d9-ce7c-487d-9594-cde49f5200d7.png,Please note this product is for 1 unit. Please see promotion to purchase case price.,-
 Cheese,"BelGioioso Fresh Mozzarella Cheese, Log",2 lb • $0.34/oz,$10.99 ,http://95.217.130.223:9000/instacart-product-images/large_ba5a511a-1bbf-4c42-815f-0db2ceda2a61.png,Please note this product is for 1 unit. Please see promotion to purchase case price.,-
 Cheese,Traditional Paneer Cheese Loaf,5 lb • $0.25/oz,$19.99 ,http://95.217.130.223:9000/instacart-product-images/large_d3943973-9ab6-4256-8bb9-ed2d29beeca5.png,Please note this product is for 1 unit. Please see promotion to purchase case price.,-
 Cheese,"BelGioioso Fresh Mozzarella Cheese Burrata, Black Truffles, Cup",16 oz • $0.62/oz,$9.99 ,http://95.217.130.223:9000/instacart-product-images/large_b4cb979a-0a64-4da0-a3f6-d372ae63b21c.png,Please note this product is for 1 unit. Please see promotion to purchase case price.,"Serving Ideas: Serve as an antipasto with grilled bread and prosciutto. Place atop fresh arugula greens and serve with a drizzle of olive oil., Keep refrigerated. Do not freeze., Once opened, use within 1-2 days for best flavor."
 Cheese,BELGIOIOSO MOZZARELLA BURRATA BALL 16OZ,16 oz • $0.56/oz,$8.99 ,http://95.217.130.223:9000/instacart-product-images/large_3dd8bef3-0602-46d2-a8c3-99131ddebecd.jpeg,Please note this product is for 1 unit. Please see promotion to purchase case price.,-
 Cheese,"Polly-O Old Fashioned Ricotta Cheese, oz Tub",48 oz • $0.23/oz,$10.99 ,http://95.217.130.223:9000/instacart-product-images/large_f24b3cd4-2a48-41d2-80f3-3dfece891fb6.jpg,Please note this product is for 1 unit. Please see promotion to purchase case price.,Keep Refrigerated.
 Cheese,"BelGioioso Cheese, Fresh Mozzarella, Pearls",1.25 lb • $0.40/oz,$7.99 ,http://95.217.130.223:9000/instacart-product-images/large_2792ad84-d581-4695-b2d8-007d3bb65f2a.png,Please note this product is for 1 unit. Please see promotion to purchase case price.,"Garnish a salad or have a healthy snack., Always keep refrigerated. Do not freeze."
 Cheese,Supremo Italiano Mozzarella Part Skim,About 5.0 lb each • $2.99 / lb (About 5.0 lb each)Final cost by weight,$14.95 each (est.),http://95.217.130.223:9000/instacart-product-images/large_f76045d2-1664-4e04-a4f2-b21dffd69eba.jpg,-,-
 Cheese,El Viajero Queso De Freir,About 2.0 lb each • $8.99 / lb (About 2.0 lb each)Final cost by weight,$17.98 each (est.),http://95.217.130.223:9000/instacart-product-images/large_e9faf8d3-34f1-45fe-9db6-cfdd056f368d.jpg,-,-
 Cheese,Supremo Italiano Part Skim Shredded Mozzarella,5 lb • $0.25/oz,$19.99 ,http://95.217.130.223:9000/instacart-product-images/large_1e5abe1f-7d18-4b69-b749-a54bd2d5a67a.png,Please note this product is for 1 unit. Please see promotion to purchase case price.,-
 Cheese,Ammerlander Fontina Loaf R/W,About 7.0 lb each • $5.99 / lb (About 7.0 lb each)Final cost by weight,$41.93 each (est.),http://95.217.130.223:9000/instacart-product-images/large_028e019e-2421-4c15-8dfd-e27640070dbf.jpg,-,-
 Cheese,Red & White Queso Blanco Tropical Cheese,About 5.0 lb each • $4.99 / lb (About 5.0 lb each)Final cost by weight,$24.95 each (est.),http://95.217.130.223:9000/instacart-product-images/large_04d14a73-e3d8-4614-b751-22bea41c5e8f.jpg,-,-
 Cheese,GL Sliced Provolone Cheese,1.5 L • 5 x 1.5 L,$7.99 ,http://95.217.130.223:9000/instacart-product-images/large_86a42b47-2fe7-4eb9-928c-46f1c4903396.png,Please note this product is for 1 unit. Please see promotion to purchase case price.,-
 Cheese,Traditional Crumbled Feta Cheese,5 lb • $0.24/oz,$18.99 ,http://95.217.130.223:9000/instacart-product-images/large_d53ccd3b-3df7-4c74-b3c9-1c5cb6f08341.jpg,Please note this product is for 1 unit. Please see promotion to purchase case price.,-
 Cheese,Royal Mahout Paneer Indian Cheese,5 lb • $0.37/oz,$29.99 ,http://95.217.130.223:9000/instacart-product-images/large_6bfa0160-0ff2-45c2-b724-5945ca4e8b23.jpg,Please note this product is for 1 unit. Please see promotion to purchase case price.,-
 Cheese,Supremo Italiano Grated Parmesan & Romano Cheese,5 lb • $0.29/oz,$22.99 ,http://95.217.130.223:9000/instacart-product-images/large_4190fb6c-651f-40ae-9c74-eb8c451157bb.png,Please note this product is for 1 unit. Please see promotion to purchase case price.,-
 Cheese,Traditional Feta Cheese Tub,8 lb • $0.22/oz,$27.99 ,http://95.217.130.223:9000/instacart-product-images/large_e308c459-4fde-4632-81b6-b990232dceb5.jpg,Please note this product is for 1 unit. Please see promotion to purchase case price.,-
 Cheese,Great Midwest Monterey Jack Cheese With Habanero,About 5.0 lb each • $5.99 / lb (About 5.0 lb each)Final cost by weight,$29.95 each (est.),http://95.217.130.223:9000/instacart-product-images/large_15c65d9c-fc05-415b-ace2-b0dd19dfae0f.jpg,-,-
 Cheese,James Farm 120 Sliced White American Cheese,5 lb • $0.25/oz,$19.99 ,http://95.217.130.223:9000/instacart-product-images/large_290e4cdf-ff7f-4cc1-94d3-46f834c30001.png,Please note this product is for 1 unit. Please see promotion to purchase case price.,-
 Fruit juice,ReaLime 100% Lime Juice,32 fl oz • 2 x 32 fl oz,$8.99 ,http://95.217.130.223:9000/instacart-product-images/large_287f1499-38c8-4a5e-8d11-d2b7925400df.jpg,Please note this product is for 1 unit. Please see promotion to purchase case price.,-
 Fruit juice,Chef's Quality Lime Juice,1 gal • 4 x 1 gal,$8.99 ,http://95.217.130.223:9000/instacart-product-images/large_2cef2f46-c164-41a8-af76-178147d56aec.png,Please note this product is for 1 unit. Please see promotion to purchase case price.,-
 Fruit juice,Chef's Quality Lime Juice From Concentrate,32 fl oz • $0.14/fl oz,$4.59 ,http://95.217.130.223:9000/instacart-product-images/large_2a0b00fe-bbf4-4999-aa84-8ce04b037049.png,Please note this product is for 1 unit. Please see promotion to purchase case price.,-
 Fruit juice,"Tropicana 100% Orange Juice Original, No Pulp, Single Serve, 11 fl oz bottle",11 fl oz • $2.09/fl oz,$22.99 ,"http://95.217.130.223:9000/instacart-product-images/large_f056b39d-f085-4645-937a-d311eeef3604.png, http://95.217.130.223:9000/instacart-product-images/large_bb7ac629-9eb5-41d5-9b75-743224a4e3db.png, http://95.217.130.223:9000/instacart-product-images/large_e1d03b01-96ed-4353-b4e8-4e94eec5088d.png","The perfect combination of taste and nutrition, Tropicana Pure Premium Original is 100% orange juice and an excellent source of vitamin C, providing you with 100% of it's recommended daily value and helping to support your immune health.  Made from carefully selected oranges handpicked at the peak of their flavor and squeezed within 24 hours with no added sugar,* water or preservatives, and never from concentrate., , *Not a low calorie food. See nutrition information for calorie and sugar content. ,  , • 100% fruit juice with no added sugar,* no artificial flavors,  , • New look bottle, easy to open, pour and store, wherever you're going,  , • Get a boost of Vitamin C in every sip, plus potassium and folate,  , • Single serve option that's great for when you're on-the-go,  , • Try our entire range of orange juice options and fruit juice blends,  , • Tropicana - 70 years of crafting orange juice with passion","Keep refrigerated., Best if consumed within 7 to 10 days after opening."
 Fruit juice,Ocean Spray 3100% White Grapefruit Bar Pac-N,32 fl oz • $0.12/fl oz,$3.99 ,"http://95.217.130.223:9000/instacart-product-images/large_e698bc65-b3af-4800-94f4-f9644d094b70.jpg, http://95.217.130.223:9000/instacart-product-images/large_19d36585-95be-4197-bc00-e710dc70adbf.jpg, http://95.217.130.223:9000/instacart-product-images/large_d7fad411-e1b0-4d96-b62d-e87c7773ba77.jpg",Please note this product is for 1 unit. Please see promotion to purchase case price.,"Must refrigerate after opening., For best quality and freshness use within two weeks after opening."
 Fruit juice,Ocean Spray 3100% White Grapefruit Bar Pac-N,32 fl oz • $0.12/fl oz,$3.99 ,"http://95.217.130.223:9000/instacart-product-images/large_e698bc65-b3af-4800-94f4-f9644d094b70.jpg, http://95.217.130.223:9000/instacart-product-images/large_19d36585-95be-4197-bc00-e710dc70adbf.jpg, http://95.217.130.223:9000/instacart-product-images/large_d7fad411-e1b0-4d96-b62d-e87c7773ba77.jpg",Please note this product is for 1 unit. Please see promotion to purchase case price.,"Must refrigerate after opening., For best quality and freshness use within two weeks after opening."
 Fruit juice,Ocean Spray Cranberry Juice Cocktail 15.2 Oz,15.2 fl oz • 12 x 15.2 fl oz,$15.99 ,http://95.217.130.223:9000/instacart-product-images/large_326fac9a-2dd9-4381-b3ac-513c3cb6d0ca.png,-,-
 Fruit juice,Ocean Spray Cranberry Juice Cocktail,7.2 fl oz • 24 x 7.2 fl oz,$23.99 ,http://95.217.130.223:9000/instacart-product-images/large_a11a0a6e-890c-4a6c-a90f-e485aaf99137.jpg,-,-
 Fruit juice,Ocean Spray 3Cranberry Bar Pac Pet,32 fl oz • $0.09/fl oz,$2.99 ,"http://95.217.130.223:9000/instacart-product-images/large_c9056683-3f7a-4aea-b03e-8e687ece25cd.jpg, http://95.217.130.223:9000/instacart-product-images/large_f97f790e-0f2e-4bff-a736-8d00149a3fab.jpg, http://95.217.130.223:9000/instacart-product-images/large_85878b79-6ce1-4325-950b-c37607ff7402.jpg",Please note this product is for 1 unit. Please see promotion to purchase case price.,"Must refrigerate after opening., For best quality and freshness use within two weeks after opening."
 Fruit juice,Ocean Spray Cranberry Juice Cocktail (65Cs/,64 fl oz • $0.09/fl oz,$5.99 ,"http://95.217.130.223:9000/instacart-product-images/large_338da75c-73db-4c5e-af71-b61d806d81ff.jpg, http://95.217.130.223:9000/instacart-product-images/large_dbdd7ee0-e4f8-454e-818d-8821e2da9b45.jpg, http://95.217.130.223:9000/instacart-product-images/large_77b1dd83-7f6c-4a6a-b22b-f8c02b2e321c.jpg",Please note this product is for 1 unit. Please see promotion to purchase case price.,Must refrigerate after opening. For best quality and freshness use within two weeks after opening.
 Fruit juice,Ocean Spray Cranberry Juice Cocktail (65Cs/,64 fl oz • $0.09/fl oz,$5.99 ,"http://95.217.130.223:9000/instacart-product-images/large_338da75c-73db-4c5e-af71-b61d806d81ff.jpg, http://95.217.130.223:9000/instacart-product-images/large_dbdd7ee0-e4f8-454e-818d-8821e2da9b45.jpg, http://95.217.130.223:9000/instacart-product-images/large_77b1dd83-7f6c-4a6a-b22b-f8c02b2e321c.jpg",Please note this product is for 1 unit. Please see promotion to purchase case price.,Must refrigerate after opening. For best quality and freshness use within two weeks after opening.
 Fruit juice,Ocean Spray Cranberry Juice Cocktail (65Cs/,64 fl oz • $0.09/fl oz,$5.99 ,"http://95.217.130.223:9000/instacart-product-images/large_338da75c-73db-4c5e-af71-b61d806d81ff.jpg, http://95.217.130.223:9000/instacart-product-images/large_dbdd7ee0-e4f8-454e-818d-8821e2da9b45.jpg, http://95.217.130.223:9000/instacart-product-images/large_77b1dd83-7f6c-4a6a-b22b-f8c02b2e321c.jpg",Please note this product is for 1 unit. Please see promotion to purchase case price.,Must refrigerate after opening. For best quality and freshness use within two weeks after opening.
 Fruit juice,Rose's Sweetened Lime Juice,1 L • $0.90/100ml,$8.99 ,http://95.217.130.223:9000/instacart-product-images/large_5d4f4d67-6d4a-498f-9af8-8cb2cb516f0f.jpg,Please note this product is for 1 unit. Please see promotion to purchase case price.,Refrigerate for best results.
 Fruit juice,Lemon-X Lime Juice,1 L • $0.70/100ml,$6.99 ,http://95.217.130.223:9000/instacart-product-images/large_d8b799d8-37bb-4aeb-8690-cb6b327eb817.jpg,Please note this product is for 1 unit. Please see promotion to purchase case price.,-
 Fruit juice,Ocean Spray 3100% Orange Bar Pac Pet,32 fl oz • $0.16/fl oz,$4.99 ,"http://95.217.130.223:9000/instacart-product-images/large_bdbb264a-2123-47ba-9107-ef54de0d5680.jpg, http://95.217.130.223:9000/instacart-product-images/large_4abdd60b-64cb-465b-b903-1588c0af2757.jpg, http://95.217.130.223:9000/instacart-product-images/large_8ca38b50-6007-449f-9e34-91ec356fb890.jpg",Please note this product is for 1 unit. Please see promotion to purchase case price.,"Must refrigerate after opening., For best quality and freshness use within two weeks after opening."
 Fruit juice,Ocean Spray 3100% Orange Bar Pac Pet,32 fl oz • $0.16/fl oz,$4.99 ,"http://95.217.130.223:9000/instacart-product-images/large_bdbb264a-2123-47ba-9107-ef54de0d5680.jpg, http://95.217.130.223:9000/instacart-product-images/large_4abdd60b-64cb-465b-b903-1588c0af2757.jpg, http://95.217.130.223:9000/instacart-product-images/large_8ca38b50-6007-449f-9e34-91ec356fb890.jpg",Please note this product is for 1 unit. Please see promotion to purchase case price.,"Must refrigerate after opening., For best quality and freshness use within two weeks after opening."
 Fruit juice,"Naked Juice, Mighty Mango",15.2 fl oz • $1.45/fl oz,$21.99 ,"http://95.217.130.223:9000/instacart-product-images/large_be7ada5d-f9d8-422b-9adc-c8ed413facbe.png, http://95.217.130.223:9000/instacart-product-images/large_ab09ebe5-5fe2-4ee4-ac8f-5f4259cb7371.png, http://95.217.130.223:9000/instacart-product-images/large_762b6b79-453c-4f19-b852-85d186bb8211.png",Nutrition is delicious by Nature. And we include only the best of it.,"Shake well! Separation is natural., Perishable. Keep refrigerated."
 Fruit juice,Chef's Quality Lemon Juice From Concentrate,1 gal • $0.06/fl oz,$7.99 ,http://95.217.130.223:9000/instacart-product-images/large_cd516d9a-e178-476e-b241-d8f6e71a05c1.png,Please note this product is for 1 unit. Please see promotion to purchase case price.,-
 Fruit juice,Dole 100% Pineapple Juice,6 fl oz • $5.00/fl oz,$29.99 ,"http://95.217.130.223:9000/instacart-product-images/large_83043c43-3b59-4374-8ceb-a9020137eec2.png, http://95.217.130.223:9000/instacart-product-images/large_603b2175-84e8-40ff-b57b-81ab30458773.png, http://95.217.130.223:9000/instacart-product-images/large_c943f3f7-776b-49a2-8adb-e96f31e03c9b.png","100% pineapple juice. With added vitamins A, C & E. Live Well: excellent source of vitamin C; good source of vitamins A & E; no added sugar (Not a low or reduced calorie food. See nutrition facts for further information on sugar and calorie content); BPA-free packaging; gluten free. Non GMO Project verified. nongmoproject.org. Not from concentrate. Satisfaction guaranteed. Call 1-800-232-8888. dolepineapplejuice.com. Connect with us (at)dolesunshine. Visit dolepineapplejuice.com for delicious recipes. Please recycle. Product of the Philippines. We've peeled the fruit. Now all you need to do is peel back the lid for delicious nutrition.,  ; Vitamin C is an antioxidant that helps promote a healthy immune system. Who knew vitamins were so delicious?,  ; It's our promise to provide everyone, everywhere with good nutrition!,  ; Great by itself, as a topping or in your favorite recipe. In the world of fruit, we call that a ""triple play."" ,  , • Full of Sunshine,  , • We Believe in Sunshine for All.™",Chill and shake well before serving.
 Fruit juice,"Dole Pineapple Juice, Can",46 fl oz • $0.11/fl oz,$4.99 ,"http://95.217.130.223:9000/instacart-product-images/large_f9fcbd92-83ea-41c7-9b31-434aed3b7bbb.png, http://95.217.130.223:9000/instacart-product-images/large_23b8b499-db2c-48ba-8e75-cb85e1802e99.png, http://95.217.130.223:9000/instacart-product-images/large_ac550285-52ef-44e8-be89-61ceffdff66a.png",Please note this product is for 1 unit. Please see promotion to purchase case price.,"Healthier Helpful Hints. Marinades: Use in place of oil., Best served chilled., After opening, refrigerate contents in glass or plastic container., Shake well before serving."
 Fruit juice,"Dole Pineapple Juice, Can",46 fl oz • $0.11/fl oz,$4.99 ,"http://95.217.130.223:9000/instacart-product-images/large_f9fcbd92-83ea-41c7-9b31-434aed3b7bbb.png, http://95.217.130.223:9000/instacart-product-images/large_23b8b499-db2c-48ba-8e75-cb85e1802e99.png, http://95.217.130.223:9000/instacart-product-images/large_ac550285-52ef-44e8-be89-61ceffdff66a.png",Please note this product is for 1 unit. Please see promotion to purchase case price.,"Healthier Helpful Hints. Marinades: Use in place of oil., Best served chilled., After opening, refrigerate contents in glass or plastic container., Shake well before serving."
 Fruit juice,"Dole Pineapple Juice, Can",46 fl oz • $0.11/fl oz,$4.99 ,"http://95.217.130.223:9000/instacart-product-images/large_f9fcbd92-83ea-41c7-9b31-434aed3b7bbb.png, http://95.217.130.223:9000/instacart-product-images/large_23b8b499-db2c-48ba-8e75-cb85e1802e99.png, http://95.217.130.223:9000/instacart-product-images/large_ac550285-52ef-44e8-be89-61ceffdff66a.png",Please note this product is for 1 unit. Please see promotion to purchase case price.,"Healthier Helpful Hints. Marinades: Use in place of oil., Best served chilled., After opening, refrigerate contents in glass or plastic container., Shake well before serving."
 Fruit juice,"Dole Pineapple Juice, Can",46 fl oz • $0.11/fl oz,$4.99 ,"http://95.217.130.223:9000/instacart-product-images/large_f9fcbd92-83ea-41c7-9b31-434aed3b7bbb.png, http://95.217.130.223:9000/instacart-product-images/large_23b8b499-db2c-48ba-8e75-cb85e1802e99.png, http://95.217.130.223:9000/instacart-product-images/large_ac550285-52ef-44e8-be89-61ceffdff66a.png",Please note this product is for 1 unit. Please see promotion to purchase case price.,"Healthier Helpful Hints. Marinades: Use in place of oil., Best served chilled., After opening, refrigerate contents in glass or plastic container., Shake well before serving."
 Fruit juice,"Naked 100% Juice, Blue Machine",15.2 fl oz • $1.45/fl oz,$21.99 ,"http://95.217.130.223:9000/instacart-product-images/large_f4ed5422-6782-4bf8-80ac-927e6e1ad287.png, http://95.217.130.223:9000/instacart-product-images/large_a36d6f75-d449-41c0-bdf2-bb8afb07842d.png, http://95.217.130.223:9000/instacart-product-images/large_69f65178-7aa1-4700-bb8e-56e81a85318b.png",Nutrition is delicious by Nature. And we include only the best of it.,"Shake well! Separation is natural., Perishable. Keep refrigerated."
 Fruit juice,Ocean Spray Cranberry Juice Cocktail 15.2 Oz,15.2 fl oz • 12 x 15.2 fl oz,$15.99 ,http://95.217.130.223:9000/instacart-product-images/large_326fac9a-2dd9-4381-b3ac-513c3cb6d0ca.png,-,-
 Fruit juice,Ocean Spray Cranberry Juice Cocktail,7.2 fl oz • 24 x 7.2 fl oz,$23.99 ,http://95.217.130.223:9000/instacart-product-images/large_a11a0a6e-890c-4a6c-a90f-e485aaf99137.jpg,-,-
 Fruit juice,Ocean Spray 3Cranberry Bar Pac Pet,32 fl oz • $0.09/fl oz,$2.99 ,"http://95.217.130.223:9000/instacart-product-images/large_c9056683-3f7a-4aea-b03e-8e687ece25cd.jpg, http://95.217.130.223:9000/instacart-product-images/large_f97f790e-0f2e-4bff-a736-8d00149a3fab.jpg, http://95.217.130.223:9000/instacart-product-images/large_85878b79-6ce1-4325-950b-c37607ff7402.jpg",Please note this product is for 1 unit. Please see promotion to purchase case price.,"Must refrigerate after opening., For best quality and freshness use within two weeks after opening."
 Fruit juice,Ocean Spray Cranberry Juice Cocktail (65Cs/,64 fl oz • $0.09/fl oz,$5.99 ,"http://95.217.130.223:9000/instacart-product-images/large_338da75c-73db-4c5e-af71-b61d806d81ff.jpg, http://95.217.130.223:9000/instacart-product-images/large_dbdd7ee0-e4f8-454e-818d-8821e2da9b45.jpg, http://95.217.130.223:9000/instacart-product-images/large_77b1dd83-7f6c-4a6a-b22b-f8c02b2e321c.jpg",Please note this product is for 1 unit. Please see promotion to purchase case price.,Must refrigerate after opening. For best quality and freshness use within two weeks after opening.
 Fruit juice,Ocean Spray Cranberry Juice Cocktail (65Cs/,64 fl oz • $0.09/fl oz,$5.99 ,"http://95.217.130.223:9000/instacart-product-images/large_338da75c-73db-4c5e-af71-b61d806d81ff.jpg, http://95.217.130.223:9000/instacart-product-images/large_dbdd7ee0-e4f8-454e-818d-8821e2da9b45.jpg, http://95.217.130.223:9000/instacart-product-images/large_77b1dd83-7f6c-4a6a-b22b-f8c02b2e321c.jpg",Please note this product is for 1 unit. Please see promotion to purchase case price.,Must refrigerate after opening. For best quality and freshness use within two weeks after opening.
 Fruit juice,Ocean Spray Cranberry Juice Cocktail (65Cs/,64 fl oz • $0.09/fl oz,$5.99 ,"http://95.217.130.223:9000/instacart-product-images/large_338da75c-73db-4c5e-af71-b61d806d81ff.jpg, http://95.217.130.223:9000/instacart-product-images/large_dbdd7ee0-e4f8-454e-818d-8821e2da9b45.jpg, http://95.217.130.223:9000/instacart-product-images/large_77b1dd83-7f6c-4a6a-b22b-f8c02b2e321c.jpg",Please note this product is for 1 unit. Please see promotion to purchase case price.,Must refrigerate after opening. For best quality and freshness use within two weeks after opening.
 Fruit juice,Chef's Quality Lemon Juice,32 fl oz • $0.08/fl oz,$2.59 ,http://95.217.130.223:9000/instacart-product-images/large_87ef6d60-c7cc-47d0-8d6a-1bd33ea0b1b4.png,Please note this product is for 1 unit. Please see promotion to purchase case price.,-
 Fruit juice,Chef's Quality 100% Orange Juice,64 fl oz • $0.11/fl oz,$6.99 ,http://95.217.130.223:9000/instacart-product-images/large_4622e796-00c1-42a6-a429-fd8b8036b53d.png,Please note this product is for 1 unit. Please see promotion to purchase case price.,-
 Fruit juice,"Tropicana Pure Premium 100% Orange Juice Original, No Pulp, No Sugar Added",46 fl oz • $0.11/fl oz,$4.99 ,"http://95.217.130.223:9000/instacart-product-images/large_882a58af-1eb4-4635-b1a7-9440235c10b6.png, http://95.217.130.223:9000/instacart-product-images/large_2727ba94-6999-4e0b-9883-93260e212e53.png, http://95.217.130.223:9000/instacart-product-images/large_58790960-ad81-413e-81d1-82a5a3ad0661.png",Please note this product is for 1 unit. Please see promotion to purchase case price.,"Shake well for best taste., Keep refrigerated., Best if consumed within 7 to 10 days after opening."
 Fruit juice,Ocean Spray Cranberry Juice Cocktail 15.2 Oz,15.2 fl oz • 12 x 15.2 fl oz,$15.99 ,http://95.217.130.223:9000/instacart-product-images/large_326fac9a-2dd9-4381-b3ac-513c3cb6d0ca.png,-,-
 Fruit juice,Ocean Spray Cranberry Juice Cocktail,7.2 fl oz • 24 x 7.2 fl oz,$23.99 ,http://95.217.130.223:9000/instacart-product-images/large_a11a0a6e-890c-4a6c-a90f-e485aaf99137.jpg,-,-
 Fruit juice,Ocean Spray 3Cranberry Bar Pac Pet,32 fl oz • $0.09/fl oz,$2.99 ,"http://95.217.130.223:9000/instacart-product-images/large_c9056683-3f7a-4aea-b03e-8e687ece25cd.jpg, http://95.217.130.223:9000/instacart-product-images/large_f97f790e-0f2e-4bff-a736-8d00149a3fab.jpg, http://95.217.130.223:9000/instacart-product-images/large_85878b79-6ce1-4325-950b-c37607ff7402.jpg",Please note this product is for 1 unit. Please see promotion to purchase case price.,"Must refrigerate after opening., For best quality and freshness use within two weeks after opening."
 Fruit juice,Ocean Spray Cranberry Juice Cocktail (65Cs/,64 fl oz • $0.09/fl oz,$5.99 ,"http://95.217.130.223:9000/instacart-product-images/large_338da75c-73db-4c5e-af71-b61d806d81ff.jpg, http://95.217.130.223:9000/instacart-product-images/large_dbdd7ee0-e4f8-454e-818d-8821e2da9b45.jpg, http://95.217.130.223:9000/instacart-product-images/large_77b1dd83-7f6c-4a6a-b22b-f8c02b2e321c.jpg",Please note this product is for 1 unit. Please see promotion to purchase case price.,Must refrigerate after opening. For best quality and freshness use within two weeks after opening.
 Fruit juice,Ocean Spray Cranberry Juice Cocktail (65Cs/,64 fl oz • $0.09/fl oz,$5.99 ,"http://95.217.130.223:9000/instacart-product-images/large_338da75c-73db-4c5e-af71-b61d806d81ff.jpg, http://95.217.130.223:9000/instacart-product-images/large_dbdd7ee0-e4f8-454e-818d-8821e2da9b45.jpg, http://95.217.130.223:9000/instacart-product-images/large_77b1dd83-7f6c-4a6a-b22b-f8c02b2e321c.jpg",Please note this product is for 1 unit. Please see promotion to purchase case price.,Must refrigerate after opening. For best quality and freshness use within two weeks after opening.
 Fruit juice,Ocean Spray Cranberry Juice Cocktail (65Cs/,64 fl oz • $0.09/fl oz,$5.99 ,"http://95.217.130.223:9000/instacart-product-images/large_338da75c-73db-4c5e-af71-b61d806d81ff.jpg, http://95.217.130.223:9000/instacart-product-images/large_dbdd7ee0-e4f8-454e-818d-8821e2da9b45.jpg, http://95.217.130.223:9000/instacart-product-images/large_77b1dd83-7f6c-4a6a-b22b-f8c02b2e321c.jpg",Please note this product is for 1 unit. Please see promotion to purchase case price.,Must refrigerate after opening. For best quality and freshness use within two weeks after opening.
 Fruit juice,Ocean Spray Cranberry Juice Cocktail 15.2 Oz,15.2 fl oz • 12 x 15.2 fl oz,$15.99 ,http://95.217.130.223:9000/instacart-product-images/large_326fac9a-2dd9-4381-b3ac-513c3cb6d0ca.png,-,-
 Fruit juice,Ocean Spray Cranberry Juice Cocktail,7.2 fl oz • 24 x 7.2 fl oz,$23.99 ,http://95.217.130.223:9000/instacart-product-images/large_a11a0a6e-890c-4a6c-a90f-e485aaf99137.jpg,-,-
 Fruit juice,Ocean Spray 3Cranberry Bar Pac Pet,32 fl oz • $0.09/fl oz,$2.99 ,"http://95.217.130.223:9000/instacart-product-images/large_c9056683-3f7a-4aea-b03e-8e687ece25cd.jpg, http://95.217.130.223:9000/instacart-product-images/large_f97f790e-0f2e-4bff-a736-8d00149a3fab.jpg, http://95.217.130.223:9000/instacart-product-images/large_85878b79-6ce1-4325-950b-c37607ff7402.jpg",Please note this product is for 1 unit. Please see promotion to purchase case price.,"Must refrigerate after opening., For best quality and freshness use within two weeks after opening."
 Fruit juice,Ocean Spray Cranberry Juice Cocktail (65Cs/,64 fl oz • $0.09/fl oz,$5.99 ,"http://95.217.130.223:9000/instacart-product-images/large_338da75c-73db-4c5e-af71-b61d806d81ff.jpg, http://95.217.130.223:9000/instacart-product-images/large_dbdd7ee0-e4f8-454e-818d-8821e2da9b45.jpg, http://95.217.130.223:9000/instacart-product-images/large_77b1dd83-7f6c-4a6a-b22b-f8c02b2e321c.jpg",Please note this product is for 1 unit. Please see promotion to purchase case price.,Must refrigerate after opening. For best quality and freshness use within two weeks after opening.
 Fruit juice,Ocean Spray Cranberry Juice Cocktail (65Cs/,64 fl oz • $0.09/fl oz,$5.99 ,"http://95.217.130.223:9000/instacart-product-images/large_338da75c-73db-4c5e-af71-b61d806d81ff.jpg, http://95.217.130.223:9000/instacart-product-images/large_dbdd7ee0-e4f8-454e-818d-8821e2da9b45.jpg, http://95.217.130.223:9000/instacart-product-images/large_77b1dd83-7f6c-4a6a-b22b-f8c02b2e321c.jpg",Please note this product is for 1 unit. Please see promotion to purchase case price.,Must refrigerate after opening. For best quality and freshness use within two weeks after opening.
 Fruit juice,Ocean Spray Cranberry Juice Cocktail (65Cs/,64 fl oz • $0.09/fl oz,$5.99 ,"http://95.217.130.223:9000/instacart-product-images/large_338da75c-73db-4c5e-af71-b61d806d81ff.jpg, http://95.217.130.223:9000/instacart-product-images/large_dbdd7ee0-e4f8-454e-818d-8821e2da9b45.jpg, http://95.217.130.223:9000/instacart-product-images/large_77b1dd83-7f6c-4a6a-b22b-f8c02b2e321c.jpg",Please note this product is for 1 unit. Please see promotion to purchase case price.,Must refrigerate after opening. For best quality and freshness use within two weeks after opening.
 Fruit juice,Chef's Quality Lemonade Syrup,1 gal • $0.12/fl oz,$15.99 ,http://95.217.130.223:9000/instacart-product-images/large_42d7dae0-71c0-4aad-90e5-1981ffb48d2d.jpg,Please note this product is for 1 unit. Please see promotion to purchase case price.,-
 Fruit juice,Tropicana Season's Best Orange Juice in Glass,10 oz (pack of 24),$23.99 ,http://95.217.130.223:9000/instacart-product-images/large_5a1dacf4-7cbb-4b24-a6e0-16ab6a20d5b9.png,-,-
 Fruit juice,Sabor Nuestro Frozen Sabor Nuestro - Guava Pulp - 14 oz Pack,14 oz • $0.19/oz,$2.69 ,http://95.217.130.223:9000/instacart-product-images/large_ca3b5279-4664-4e72-9ee4-174ee9373545.png,Please note this product is for 1 unit. Please see promotion to purchase case price.,-
 Fruit juice,"Tropicana Juice Beverage, Cranberry",10 fl oz • $2.40/fl oz,$23.99 ,"http://95.217.130.223:9000/instacart-product-images/large_f8de4e4c-f467-4e96-af42-89059e26b71d.png, http://95.217.130.223:9000/instacart-product-images/large_880db8a5-5ea2-4df9-966b-be6e4169fc8e.png, http://95.217.130.223:9000/instacart-product-images/large_db3a6f83-6cda-4568-ae8a-09deca915100.png","Tropicana uses the best in fruit to craft high quality juices, beverages and drinks that provide delicious flavor choices.","For best taste, shake well and use by date on package., Refrigerate after opening."
 Fruit juice,"Tropicana Juice Beverage, Cranberry",15.2 fl oz • $1.32/fl oz,$19.99 ,"http://95.217.130.223:9000/instacart-product-images/large_3d324cca-4209-4f78-bd67-a24927b4551f.png, http://95.217.130.223:9000/instacart-product-images/large_5c210aba-7576-4cd4-b757-81a7076160fa.png, http://95.217.130.223:9000/instacart-product-images/large_06f9538a-4a5c-4e34-98f4-f6d25889c0cd.png",Our Tropicana Cranberry Juice drink has delicious taste you love and the vitamin C nutrition you need.,"Refrigerate after opening., For best taste, shake well and use by date on package."
 Fruit juice,"Tropicana Juice Beverage, Cranberry",15.2 fl oz • $1.32/fl oz,$19.99 ,"http://95.217.130.223:9000/instacart-product-images/large_3d324cca-4209-4f78-bd67-a24927b4551f.png, http://95.217.130.223:9000/instacart-product-images/large_5c210aba-7576-4cd4-b757-81a7076160fa.png, http://95.217.130.223:9000/instacart-product-images/large_06f9538a-4a5c-4e34-98f4-f6d25889c0cd.png",Our Tropicana Cranberry Juice drink has delicious taste you love and the vitamin C nutrition you need.,"Refrigerate after opening., For best taste, shake well and use by date on package."
 Fruit juice,"Tropicana Juice Beverage, Cranberry",15.2 fl oz • $1.32/fl oz,$19.99 ,"http://95.217.130.223:9000/instacart-product-images/large_3d324cca-4209-4f78-bd67-a24927b4551f.png, http://95.217.130.223:9000/instacart-product-images/large_5c210aba-7576-4cd4-b757-81a7076160fa.png, http://95.217.130.223:9000/instacart-product-images/large_06f9538a-4a5c-4e34-98f4-f6d25889c0cd.png",Our Tropicana Cranberry Juice drink has delicious taste you love and the vitamin C nutrition you need.,"Refrigerate after opening., For best taste, shake well and use by date on package."
 Fruit juice,"Tropicana Juice Beverage, Ruby Red Grapefruit",15.2 fl oz • $1.32/fl oz,$19.99 ,"http://95.217.130.223:9000/instacart-product-images/large_24c5baf8-c93f-44fe-802d-d726671e1795.png, http://95.217.130.223:9000/instacart-product-images/large_c42663ed-c9f5-49f8-b907-90ec8d2c20ff.png, http://95.217.130.223:9000/instacart-product-images/large_70c5caaa-7f8f-4112-aa8e-b8c2f38e61a2.png","Tropicana uses the best in fruit to craft high quality juices, beverages and drinks that provide delicious flavor choices.","Refrigerate after opening., For best taste, shake well and use by date on package."
 Fruit juice,"Tropicana 100% Juice, Ruby Red Grapefruit",32 fl oz • $0.12/fl oz,$3.99 ,"http://95.217.130.223:9000/instacart-product-images/large_043edfc5-7a9c-4ae4-9874-ab2b9f299883.png, http://95.217.130.223:9000/instacart-product-images/large_7ac58c03-8592-4657-a649-98cca6c4b611.png, http://95.217.130.223:9000/instacart-product-images/large_352888f7-ef94-471e-a6d4-158a917e8930.png",Please note this product is for 1 unit. Please see promotion to purchase case price.,"Shake well and use by date on package., Refrigerator after opening."
 Fruit juice,"Tropicana 100% Juice, Ruby Red Grapefruit",32 fl oz • $0.12/fl oz,$3.99 ,"http://95.217.130.223:9000/instacart-product-images/large_043edfc5-7a9c-4ae4-9874-ab2b9f299883.png, http://95.217.130.223:9000/instacart-product-images/large_7ac58c03-8592-4657-a649-98cca6c4b611.png, http://95.217.130.223:9000/instacart-product-images/large_352888f7-ef94-471e-a6d4-158a917e8930.png",Please note this product is for 1 unit. Please see promotion to purchase case price.,"Shake well and use by date on package., Refrigerator after opening."
 Fruit juice,"Tropicana 100% Juice, Ruby Red Grapefruit",32 fl oz • $0.12/fl oz,$3.99 ,"http://95.217.130.223:9000/instacart-product-images/large_043edfc5-7a9c-4ae4-9874-ab2b9f299883.png, http://95.217.130.223:9000/instacart-product-images/large_7ac58c03-8592-4657-a649-98cca6c4b611.png, http://95.217.130.223:9000/instacart-product-images/large_352888f7-ef94-471e-a6d4-158a917e8930.png",Please note this product is for 1 unit. Please see promotion to purchase case price.,"Shake well and use by date on package., Refrigerator after opening."
 Fruit juice,Welch's Concord Grape Juice,16 fl oz • $1.50/fl oz,$23.99 ,"http://95.217.130.223:9000/instacart-product-images/large_4e984bd2-5e89-47fa-a975-822d39f4da2c.jpg, http://95.217.130.223:9000/instacart-product-images/large_d4818ce9-bef1-48cb-a49d-efcedd6c898e.jpg, http://95.217.130.223:9000/instacart-product-images/large_0ba7a859-fc7b-42f2-bc01-22a7f2e53c35.jpg","What makes a grape a Welch's® grape? It's sweetened by the sun with a bold, unforgettable flavor that has satisfied families for generations. Welch's 100% Grape Juice delivers the delicious taste of USA grown Concord Grapes, 4 servings of fruit in every bottle. You can trust the goodness of Welch's with absolutely NO added sugar, artificial flavors, or colors. Also an excellent source of Vitamin C and Non-GMO Project Verified. Learn how we are Growing Tomorrow Together and investing in a better future on our website. This is a pack of 12 - 16 fl. oz. bottle, perfect to enjoy on the go.",Refrigerate after opening
 Fruit juice,Welch's Concord Grape Juice,16 fl oz • $1.50/fl oz,$23.99 ,"http://95.217.130.223:9000/instacart-product-images/large_4e984bd2-5e89-47fa-a975-822d39f4da2c.jpg, http://95.217.130.223:9000/instacart-product-images/large_d4818ce9-bef1-48cb-a49d-efcedd6c898e.jpg, http://95.217.130.223:9000/instacart-product-images/large_0ba7a859-fc7b-42f2-bc01-22a7f2e53c35.jpg","What makes a grape a Welch's® grape? It's sweetened by the sun with a bold, unforgettable flavor that has satisfied families for generations. Welch's 100% Grape Juice delivers the delicious taste of USA grown Concord Grapes, 4 servings of fruit in every bottle. You can trust the goodness of Welch's with absolutely NO added sugar, artificial flavors, or colors. Also an excellent source of Vitamin C and Non-GMO Project Verified. Learn how we are Growing Tomorrow Together and investing in a better future on our website. This is a pack of 12 - 16 fl. oz. bottle, perfect to enjoy on the go.",Refrigerate after opening
 Fruit juice,AriZona Tallboy Mucho Mango Juice Can,20 fl oz • $1.20/fl oz,$23.99 ,http://95.217.130.223:9000/instacart-product-images/large_ef784263-a307-4124-aaab-bd0ceae0e292.png,-,-
 Fruit juice,Vita Coco Coconut Juice Drink With Pulp,16.9 fl oz • $1.18/fl oz,$19.99 ,http://95.217.130.223:9000/instacart-product-images/large_7e6cf9ff-f5f9-4c0a-b1c8-89d3762ccd3a.png,-,-
 Fruit juice,"Tropicana Juice Beverage, Cranberry",10 fl oz • $2.40/fl oz,$23.99 ,"http://95.217.130.223:9000/instacart-product-images/large_f8de4e4c-f467-4e96-af42-89059e26b71d.png, http://95.217.130.223:9000/instacart-product-images/large_880db8a5-5ea2-4df9-966b-be6e4169fc8e.png, http://95.217.130.223:9000/instacart-product-images/large_db3a6f83-6cda-4568-ae8a-09deca915100.png","Tropicana uses the best in fruit to craft high quality juices, beverages and drinks that provide delicious flavor choices.","For best taste, shake well and use by date on package., Refrigerate after opening."
 Fruit juice,"Tropicana Juice Beverage, Cranberry",15.2 fl oz • $1.32/fl oz,$19.99 ,"http://95.217.130.223:9000/instacart-product-images/large_3d324cca-4209-4f78-bd67-a24927b4551f.png, http://95.217.130.223:9000/instacart-product-images/large_5c210aba-7576-4cd4-b757-81a7076160fa.png, http://95.217.130.223:9000/instacart-product-images/large_06f9538a-4a5c-4e34-98f4-f6d25889c0cd.png",Our Tropicana Cranberry Juice drink has delicious taste you love and the vitamin C nutrition you need.,"Refrigerate after opening., For best taste, shake well and use by date on package."
 Fruit juice,"Tropicana Juice Beverage, Cranberry",15.2 fl oz • $1.32/fl oz,$19.99 ,"http://95.217.130.223:9000/instacart-product-images/large_3d324cca-4209-4f78-bd67-a24927b4551f.png, http://95.217.130.223:9000/instacart-product-images/large_5c210aba-7576-4cd4-b757-81a7076160fa.png, http://95.217.130.223:9000/instacart-product-images/large_06f9538a-4a5c-4e34-98f4-f6d25889c0cd.png",Our Tropicana Cranberry Juice drink has delicious taste you love and the vitamin C nutrition you need.,"Refrigerate after opening., For best taste, shake well and use by date on package."
 Fruit juice,"Tropicana Juice Beverage, Cranberry",15.2 fl oz • $1.32/fl oz,$19.99 ,"http://95.217.130.223:9000/instacart-product-images/large_3d324cca-4209-4f78-bd67-a24927b4551f.png, http://95.217.130.223:9000/instacart-product-images/large_5c210aba-7576-4cd4-b757-81a7076160fa.png, http://95.217.130.223:9000/instacart-product-images/large_06f9538a-4a5c-4e34-98f4-f6d25889c0cd.png",Our Tropicana Cranberry Juice drink has delicious taste you love and the vitamin C nutrition you need.,"Refrigerate after opening., For best taste, shake well and use by date on package."
 Fruit juice,"Tropicana 100% Juice, Apple",5.5 fl oz • 6 x 5.5 fl oz,$19.99 ,"http://95.217.130.223:9000/instacart-product-images/large_74ca62e7-845f-4b5b-845c-8114e67b552f.png, http://95.217.130.223:9000/instacart-product-images/large_b17679fc-44a7-4d44-bd7d-ac590b51e8da.png, http://95.217.130.223:9000/instacart-product-images/large_26fcb639-e0f7-469d-a9ea-06a9896b5987.png","Apple juice from concentrate with other natural flavors and ingredients. 210 calories per bottle. Excellent source of vitamin C. Your day has a lot packed into it. Take a moment for yourself and enjoy some delicious Tropicana 100% juice. Pasteurized. Contains juices from Brazil, Chile, China, Hungary, Italy, Poland, Turkey, Ukraine and US.",For best taste on the package.
 Fruit juice,Mounsier Papa 100% Mango Nectar Juice,8.45 fl oz • 24 x 8.45 fl oz,$17.99 ,http://95.217.130.223:9000/instacart-product-images/large_5f10f631-715e-47cb-b6a4-690fb61b922e.png,-,-
 Fruit juice,Turkey Hill Lemonade,18.5 fl oz • $0.54/fl oz,$9.99 ,http://95.217.130.223:9000/instacart-product-images/large_c7dbbd01-2083-41dd-8221-be59f71df4ac.jpg,"Timeless goodness. A family favorite, our signature lemonade is outstanding refreshment no matter what the season. Succulent lemon with just the right amount of sweetness is what makes Turkey Hill Lemonade stand the test of time., Contains 10% fruit juice.","Shake well., Keep refrigerated., Dated for freshness."
 Fruit juice,Tropicana 100% Orange Juice,64 oz • $0.09/oz,$5.99 ,http://95.217.130.223:9000/instacart-product-images/large_7b970700-3a97-46cd-96f9-fd7589e74292.png,Please note this product is for 1 unit. Please see promotion to purchase case price.,-
 Fruit juice,"Tropicana 100% Juice, Orange",15.2 fl oz • $1.32/fl oz,$19.99 ,"http://95.217.130.223:9000/instacart-product-images/large_c19aa7ac-25fd-4565-b6b7-592a055db92e.png, http://95.217.130.223:9000/instacart-product-images/large_a78808f2-cca4-4b39-8907-2d33532289ed.png, http://95.217.130.223:9000/instacart-product-images/large_532349d4-c835-4777-a462-beffa0f8787e.png","Tropicana uses the best in fruit to craft high quality juices, beverages and drinks that provide delicious flavor choices.","Refrigerate after opening., For best taste, shake well and use by date on package."
 Fruit juice,Tropicana Orange Juice,32 fl oz • $0.12/fl oz,$3.99 ,"http://95.217.130.223:9000/instacart-product-images/large_41964dcb-e6c9-48f8-b655-9aba43e71043.png, http://95.217.130.223:9000/instacart-product-images/large_45b1b69b-518a-4930-a993-f8b78e15794e.png, http://95.217.130.223:9000/instacart-product-images/large_ee20924a-206e-4a2f-83cf-5c63334c471e.png",Please note this product is for 1 unit. Please see promotion to purchase case price.,"Refrigerate after opening., For best taste, shake well and use by date on package."
 Fruit juice,Tropicana Orange Juice,32 fl oz • $0.12/fl oz,$3.99 ,"http://95.217.130.223:9000/instacart-product-images/large_41964dcb-e6c9-48f8-b655-9aba43e71043.png, http://95.217.130.223:9000/instacart-product-images/large_45b1b69b-518a-4930-a993-f8b78e15794e.png, http://95.217.130.223:9000/instacart-product-images/large_ee20924a-206e-4a2f-83cf-5c63334c471e.png",Please note this product is for 1 unit. Please see promotion to purchase case price.,"Refrigerate after opening., For best taste, shake well and use by date on package."
 Fruit juice,Tropicana Orange Juice,32 fl oz • $0.12/fl oz,$3.99 ,"http://95.217.130.223:9000/instacart-product-images/large_41964dcb-e6c9-48f8-b655-9aba43e71043.png, http://95.217.130.223:9000/instacart-product-images/large_45b1b69b-518a-4930-a993-f8b78e15794e.png, http://95.217.130.223:9000/instacart-product-images/large_ee20924a-206e-4a2f-83cf-5c63334c471e.png",Please note this product is for 1 unit. Please see promotion to purchase case price.,"Refrigerate after opening., For best taste, shake well and use by date on package."
 Fruit juice,Tropicana Orange Juice,32 fl oz • $0.12/fl oz,$3.99 ,"http://95.217.130.223:9000/instacart-product-images/large_41964dcb-e6c9-48f8-b655-9aba43e71043.png, http://95.217.130.223:9000/instacart-product-images/large_45b1b69b-518a-4930-a993-f8b78e15794e.png, http://95.217.130.223:9000/instacart-product-images/large_ee20924a-206e-4a2f-83cf-5c63334c471e.png",Please note this product is for 1 unit. Please see promotion to purchase case price.,"Refrigerate after opening., For best taste, shake well and use by date on package."
 Fruit juice,Tropicana Orange Juice,32 fl oz • $0.12/fl oz,$3.99 ,"http://95.217.130.223:9000/instacart-product-images/large_41964dcb-e6c9-48f8-b655-9aba43e71043.png, http://95.217.130.223:9000/instacart-product-images/large_45b1b69b-518a-4930-a993-f8b78e15794e.png, http://95.217.130.223:9000/instacart-product-images/large_ee20924a-206e-4a2f-83cf-5c63334c471e.png",Please note this product is for 1 unit. Please see promotion to purchase case price.,"Refrigerate after opening., For best taste, shake well and use by date on package."
 Fruit juice,Tropicana Orange Juice,32 fl oz • $0.12/fl oz,$3.99 ,"http://95.217.130.223:9000/instacart-product-images/large_41964dcb-e6c9-48f8-b655-9aba43e71043.png, http://95.217.130.223:9000/instacart-product-images/large_45b1b69b-518a-4930-a993-f8b78e15794e.png, http://95.217.130.223:9000/instacart-product-images/large_ee20924a-206e-4a2f-83cf-5c63334c471e.png",Please note this product is for 1 unit. Please see promotion to purchase case price.,"Refrigerate after opening., For best taste, shake well and use by date on package."
 Fruit juice,V8 V 8 Splash Tropical Blend Juice,16 fl oz • $1.06/fl oz,$16.99 ,"http://95.217.130.223:9000/instacart-product-images/large_fcd591e8-c06b-41ea-8085-34638cf23482.jpg, http://95.217.130.223:9000/instacart-product-images/large_e086496d-b990-4d06-8f06-ed9b617b5d8a.jpg, http://95.217.130.223:9000/instacart-product-images/large_d4613365-e032-46eb-b58c-eafc34ff7748.jpg","Quench your thirst with the refreshing taste of V8 Splash Tropical Blend Flavored Juice Beverage. This 5% juice blend is made from concentrated carrot juice with the natural flavors of tropical fruit for a tasty drink with a satisfying splash of delicious fruit flavor. V8 Splash Tropical Blend juice beverage contains 25% less sugar than leading juice drink brands,* plus Antioxidant C and B Vitamins. It’s also gluten free and fat free. With only 80 calories per bottle, V8 Splash is a lower calorie alternative to orange juice and apple juice. Serve this fruit flavored drink in the morning or as part of an after-school snack. V8 Splash is also delicious in homemade smoothies and makes a great mocktail or cocktail mixer. In addition to Tropical Blend, V8 Splash Juice is also available in Strawberry Kiwi, Fruit Medley, and other refreshing fruit flavors. (*Per 16 fl oz: Leading shelf stable brands, 34g; Splash, 18g), , - One (1) 16 fl oz bottle of V8 Splash Tropical Blend Flavored Juice Beverage, - A 5% juice blend made from concentrated carrot juice with natural tropical fruit flavors, - Contains 25% less sugar than leading juice brands* and Antioxidant C and B Vitamins (*Per 16 fl oz: Leading shelf stable brands, 34g; Splash, 18g), - A lower calorie alternative to orange juice and apple juice; serve it in the morning or as part of an after-school snack, - Add V8 Splash Tropical Blend juice beverage to your homemade smoothies or use it as a mocktail or cocktail mixer",Shake Well Before Opening.
 Fruit juice,"Snapple Juice Drink, Apple",16 fl oz • $1.87/fl oz,$29.99 ,http://95.217.130.223:9000/instacart-product-images/large_bc8a6dc7-be65-4671-a6e6-783f174a365f.png,Snapple® Juice Drink Snapple Apple. Juice drink from concentrate flavored with other natural flavors. 10% Juice from a blend of apple and pear juices. Made from the Best Stuff On Earth!™. This is a gluten free product.,Refrigerate after opening.
 Fruit juice,Snapple Mango Madness,16 fl oz • $1.87/fl oz,$29.99 ,http://95.217.130.223:9000/instacart-product-images/large_c41f3f44-6778-4b70-9176-2568af5a7c5e.png,"Snapple Mango Madness is sweet, fruity, and delicious! Mango Madness isn't about being mad at a mango, it's about being mad for a mango. Luckily, Snapple Mango Madness has the antidote. Do yourself a flavor! Snapple Mango Madness is all natural, gluten-free, made from 5% real juice, and contains no artificial flavors or sweeteners. Even better, our 16oz and 20oz bottles are recyclable and made from 100% recycled plastic, excluding the cap and label. Snapple always brings the flavor. That's what we have been doing ever since we were a small brand created by three friends in the New York area. We started out by selling our apple juice to health clubs in 1973. Since then, we have expanded our flavor portfolio throughout the 80s into teas, fruit drinks, and lemonades. Snapple went national in the early 90s, and now you can find us in more than 30 flavors and in all 50 states across the country. And for an extra dose of fun, don't forget to check out our Snapple 'Real Facts' under our caps!","Shake it! Then shake the bottle too. Settling is natural., Refrigerate after opening."
 Fruit juice,V8 V 8 Splash Strawberry Kiwi Juice,16 fl oz • $1.06/fl oz,$16.99 ,"http://95.217.130.223:9000/instacart-product-images/large_5369eb05-47cc-4f23-838a-5aa754d3865d.jpg, http://95.217.130.223:9000/instacart-product-images/large_e45aba20-f60b-4c8c-8b46-44f4ffff3b44.jpg, http://95.217.130.223:9000/instacart-product-images/large_724d946b-9a3a-4857-bb31-665c7734916e.jpg","Quench your thirst with the refreshing taste of V8 Splash Strawberry Kiwi Flavored Juice Beverage. This 5% juice blend is made from concentrated carrot juice, kiwi juice, and strawberry juice with other natural flavors for a tasty drink with a satisfying splash of delicious fruit flavor. V8 Splash Strawberry Kiwi juice beverage contains 25% less sugar than leading juice drink brands,* plus Antioxidant C and B Vitamins. It’s also gluten free and fat free. With only 80 calories per bottle, V8 Splash is a lower calorie alternative to orange juice and apple juice. Serve a cold glass of this fruit flavored drink in the morning or as part of an after-school snack. V8 Splash is also delicious in homemade smoothies and makes a great mocktail or cocktail mixer. In addition to Strawberry Kiwi, V8 Splash Juice is also available in Island Strawberry, Fruit Medley, and other refreshing fruit flavors. (*Per 16 fl oz: Leading shelf stable brands, 34g; Splash, 18g), , - One (1) 16 fl oz bottle of V8 Splash Strawberry Kiwi Flavored Juice Beverage, - A 5% juice blend made from concentrated carrot juice, kiwi juice, and strawberry juice with other natural flavors, - Contains 25% less sugar than leading juice drink brands* and Antioxidant C and B Vitamins (*Per 16 fl oz: Leading shelf stable brands, 34g; Splash, 18g), - A lower calorie alternative to orange juice and apple juice; serve it in the morning or as part of an after-school snack, - Add V8 Splash Strawberry Kiwi juice beverage to your homemade smoothies or use it as a mocktail or cocktail mixer",Shake Well Before Opening.
 Fruit juice,"Tropicana 100% Juice, Apple",11 fl oz • $2.09/fl oz,$22.99 ,"http://95.217.130.223:9000/instacart-product-images/large_f3fde2a8-1757-461f-b19e-9ee5b52cfc6f.png, http://95.217.130.223:9000/instacart-product-images/large_58d5e0d6-a3f4-47bc-90b5-a4bbdb345f1a.png, http://95.217.130.223:9000/instacart-product-images/large_d0e79bee-16a1-44b4-9ef4-785588c356e2.png",-,"Shake well for best taste., Keep refrigerated., Best if consumed within 7 to 10 days after opening."
 Fruit juice,Sabor Nuestro FZ GUANABANA 6/64Z,64 oz • $0.20/oz,$12.99 ,http://95.217.130.223:9000/instacart-product-images/large_1e8c7614-fe27-435c-b7b5-30c4f446c744.png,Please note this product is for 1 unit. Please see promotion to purchase case price.,-
 Fruit juice,Clover Sonoma Orange Juice,1 gal • $0.07/fl oz,$8.99 ,http://95.217.130.223:9000/instacart-product-images/large_b649f9b1-c257-4c61-aafc-bf2f4a6d9fbe.png,Please note this product is for 1 unit. Please see promotion to purchase case price.,-
 Fruit juice,ReaLime 100% Lime Juice,1 gal • $0.12/fl oz,$15.99 ,http://95.217.130.223:9000/instacart-product-images/large_1bf77aa3-cb9a-43c9-ba52-cca7f03b357e.JPG,Please note this product is for 1 unit. Please see promotion to purchase case price.,-
 Fruit juice,"Tropicana Juice Beverage, Grape",15.2 fl oz • $1.32/fl oz,$19.99 ,"http://95.217.130.223:9000/instacart-product-images/large_2b3117a7-6ce6-4812-968d-07cab1d91971.png, http://95.217.130.223:9000/instacart-product-images/large_3c32f631-377c-4408-a43b-b40315a64a9b.png, http://95.217.130.223:9000/instacart-product-images/large_aaf290fd-b53e-425a-83be-659634830258.png",Our Tropicana Grape juice drink has the delicious taste you love and the vitamin C nutrition you need.,"Refrigerate after opening., For best taste, shake well and use by date on package."
 Customer Favorites,Sunset 24 Ounce Clear Pet Plastic Cold Drink Cup,50 ct • 12 ct,$8.99 ,http://95.217.130.223:9000/instacart-product-images/large_6381c1d0-e3de-4762-85de-eb5e36328ec4.jpg,Please note this product is for 1 unit. Please see promotion to purchase case price.,-
 Customer Favorites,Kontos Gyro Bread Pre-Oiled - 10 CT,28 oz • $0.16/oz,$4.49 ,http://95.217.130.223:9000/instacart-product-images/large_b9c055fb-0859-4b2c-9819-24676a6afc9e.jpg,Please note this product is for 1 unit. Please see promotion to purchase case price.,"Warm in oven, microwave or on grill., Keep frozen for maximum freshness."
 Customer Favorites,"Miss Vickie's Potato Chips, Variety Mix",30 each • $0.67 each,$19.99 ,"http://95.217.130.223:9000/instacart-product-images/large_0f3db190-34c4-4cf9-9e4f-343611d3193c.png, http://95.217.130.223:9000/instacart-product-images/large_5ed9665e-7d7c-48f0-bf2f-6b3c72b33f5e.png, http://95.217.130.223:9000/instacart-product-images/large_2d4b4d8e-8ac5-420e-a48d-fb975644d143.png",Please note this product is for 1 unit. Please see promotion to purchase case price.,"Tear-away top. , Guarantee fresh until printed date or this snack's on us."
 Customer Favorites,"Fabuloso Professional Multi-Purpose Cleaner & Degreaser, Lavender",1 gal • $0.13/fl oz,$16.99 ,http://95.217.130.223:9000/instacart-product-images/large_9497c9cd-e95b-436f-aeb0-710189149428.jpg,Please note this product is for 1 unit. Please see promotion to purchase case price.,"For floors, kitchen, bathrooms and walls:  Mix 2 ounces in a gallon of water to remove grease, grime and dirt. Use in toilet bowls to clean and deodorize."
 Customer Favorites,"Finest Call Strawberry Puree Mix, Premium",1 L,$5.99 ,http://95.217.130.223:9000/instacart-product-images/large_4e1498ba-f14b-48d0-8cc1-6bb14ac49f1a.jpg,Please note this product is for 1 unit. Please see promotion to purchase case price.,"Twist cap. Remove inner seal. Frozen Strawberry Daiquiri: Mix 4 ounces of Finest Call Strawberry Puree, 1-1/2 oz. of rum and 1-1/2 cups of ice. Blend for 8 to 10 seconds and serve. For more tartness, add a splash of finest call sweet & sour. For the perfect strawberry margarita, substitute tequila for rum. Excellent for daiquiris on the rocks, margaritas, coladas and as a dessert topping! Shake well before using; refrigerate after opening."
 Customer Favorites,Skyline Skyline - Glitter Oven & Grill Cleaner - gallon,1 gal • $0.16/fl oz,$19.99 ,http://95.217.130.223:9000/instacart-product-images/large_82e9566a-66ec-4780-9d86-9d6f61b0de56.png,Please note this product is for 1 unit. Please see promotion to purchase case price.,-
 Customer Favorites,Skyline Skyline - Pine Deodorizing Cleaner - gallon,1 gal • $0.08/fl oz,$9.99 ,http://95.217.130.223:9000/instacart-product-images/large_e97ca508-34f5-4579-aff5-1598ce9a4c7b.jpg,Please note this product is for 1 unit. Please see promotion to purchase case price.,-
 Customer Favorites,Acme Smoked Fish Nova Smoked Salmon,4 oz • $2.00/oz,$7.99 ,http://95.217.130.223:9000/instacart-product-images/large_a21f8d8a-fa7a-40c7-b098-b9572efda3cf.png,Please note this product is for 1 unit. Please see promotion to purchase case price.,"Keep refrigerated at 38 degrees F or below., Once opened, enjoy your salmon within 5 days."
 Customer Favorites,Coca Cola Zero Sugar Cola,12 fl oz • 35 x 12 fl oz,$25.99 ,"http://95.217.130.223:9000/instacart-product-images/large_0b5f3b28-1e14-41e9-88ca-c35beeef1053.jpg, http://95.217.130.223:9000/instacart-product-images/large_1850b969-76b5-4be3-ab11-ec67caa3d3b9.jpg, http://95.217.130.223:9000/instacart-product-images/large_9a58580f-9669-4cb3-8935-de5048dd283d.jpg","There's nothing quite like the crisp, refreshing taste of an ice-cold Coca-Cola Zero Sugar. With this zero sugar soda, you can enjoy the same great Coca-Cola taste, with zero sugar and zero calories. However you choose to enjoy it, this delicious soft drink elevates life's sweetest moments and makes them even better (without the sugar). , , Delicious and refreshing, Coca-Cola Zero Sugar is meant to be enjoyed anytime, anywhere. This zero-sugar cola's secret formula has been carefully crafted to create a no-sugar taste experience like no other. The familiar fizz and caffeine give you a moment of refreshment with every sip., , Pop open a Coca-Cola Zero Sugar to make great taste a part of every day. Whether spending time with friends and family or taking a quick break to recharge, Coke Zero provides the great Coca-Cola taste you love without the sugar. Find your magic and make life delicious with an ice-cold Coca-Cola Zero Sugar., ,  • Enjoy the great taste of Coca-Cola with zero sugar, zero calories.,  • This zero sugar soda offers the uplifting Coca-Cola taste you love without the calories.,  • Delicious and refreshing, Coke Zero soft drinks refresh your day.,  • 34 mg caffeine in each 12 fl oz serving,  • 35 pack of 12 fl oz cans of Coca-Cola Zero Sugar",-
 Customer Favorites,Sunset 32-Ounce Clear Cups,25 ct • 12 ct,$8.99 ,http://95.217.130.223:9000/instacart-product-images/large_d8f0edcc-44c2-4c4c-bdc0-5c47d4e487a4.png,Please note this product is for 1 unit. Please see promotion to purchase case price.,-
 Customer Favorites,CAULIFLOWER 3 CT UNIT,,$8.99 ,http://95.217.130.223:9000/instacart-product-images/large_bf2a282d-6697-421b-9dd4-1a45c5f876ec.jpg,Please note this product is for 1 unit. Please see promotion to purchase case price.,-
 Customer Favorites,Sunset Black Nitrile Gloves - Black,1 each • 100 ct,$5.99 ,http://95.217.130.223:9000/instacart-product-images/large_b191b32e-d439-4cb6-bfd0-25478ed54e13.png,Please note this product is for 1 unit. Please see promotion to purchase case price.,-
 Customer Favorites,San Pellegrino Sparkling Natural Mineral Water,25.3 fl oz • 15 x 25.3 fl oz,$29.99 ,"http://95.217.130.223:9000/instacart-product-images/large_4e415de9-9d5f-4fde-8d3f-7da4eb6f3726.jpg, http://95.217.130.223:9000/instacart-product-images/large_610fce7c-7d27-415c-afe1-6b0d75e3b89c.jpg, http://95.217.130.223:9000/instacart-product-images/large_38780702-7f3d-400b-8550-0626efa67b8e.jpg","Embrace The Spirit Of Italian Living With S.Pellegrino Sparkling Natural Mineral Water. While Moving Through The San Pellegrino Terme Area At The Foothills Of The Italian Alps, This Water Mineralizes Through Contact With Underground Rocks, Naturally Enriching S.Pellegrino With Mineral Salts, Calcium And Magnesium. The Addition Of Carbon Dioxide To The Italian Mineral Water Enhances S.Pellegrino, Providing Its Unmistakable Taste And Gentle Bubbles. Each Serving In This Case Of Water Is Low In Sodium And Contains Zero Calories With No Artificial Colors, Flavors Or Sweeteners. Elevate Your Next Homemade Meal With This Italian Sparkling Mineral Water, Enjoy While You’Re Out On The Town, Or Indulge During Any Of Life’S Delicious Moments. Unflavored Sparkling Water Perfectly Complements The Flavors Of Your Favorite Foods, Making It A Favorite Of Chefs And Foodies Alike. Enhance Your Moments With S.Pellegrino Sparkling Natural Mineral Water., , • Includes fifteen 25.3 fl oz glass bottles of S.Pellegrino Sparkling Natural Mineral Water, • This bottled sparkling water offers unmistakable taste and gentle bubbles, • S.Pellegrino sparkling mineral water is low in sodium and contains zero calories with no artificial colors, flavors or sweeteners, • Perfect for any of life’s delicious moments, this unflavored sparkling water complements the flavors of your favorite foods and is perfect for a night out on the town, • Each glass bottle in this sparkling water 15 pack is ideal for serving with meals shared by friends","Store In A Clean, Cool, Dry And Odorless Place Away From Direct Sunlight And Freezing Temperatures."
 Customer Favorites,San Pellegrino Sparkling Natural Mineral Water,16.9 fl oz • 24 x 16.9 fl oz,$27.99 ,"http://95.217.130.223:9000/instacart-product-images/large_0ffc8bfa-9ee9-46bf-a501-9e0e334cb082.jpg, http://95.217.130.223:9000/instacart-product-images/large_a1984658-0879-4b41-aae9-1174ffda6154.jpg, http://95.217.130.223:9000/instacart-product-images/large_ec68e122-3c7d-4047-89c1-f5e1b5462387.jpg","• Includes twenty-four 16.9 fl oz (0.5 L) plastic bottles of S.Pellegrino Sparkling Natural Mineral Water, • This Italian mineral water offers unmistakable taste and gentle bubbles, • S.Pellegrino sparkling mineral water contains zero calories, with no artificial colors, flavors, or sweeteners, • Perfect for any of life’s delicious moments, this unflavored sparkling water complements the flavors of your favorite foods and is perfect for a night out on the town, • S.Pellegrino PET plastic bottles are ideal for on-the-go, • Enhance your moments with S.Pellegrino Sparkling Natural Mineral Water, • SNAP and EBT Eligible item, , Embrace The Spirit Of Italian Living With S.Pellegrino Sparkling Natural Mineral Water. This Sparkling Mineral Water Contains Zero Calories, With No Artificial Colors, Flavors, Or Sweeteners. Elevate Your Next Homemade Meal With This Italian Sparkling Mineral Water, Enjoy While You’Re Out On The Town, Or During Any Of Life’S Delicious Moments. Unflavored Sparkling Water Perfectly Complements The Flavors Of Your Favorite Foods, Making It A Favorite Of Chefs And Foodies Alike. Enhance Your Moments With S.Pellegrino Sparkling Natural Mineral Water.","Store In A Clean, Cool, Dry And Odorless Place, Away From Direct Sunlight And Freezing Temperatures."
 Customer Favorites,San Pellegrino Sparkling Natural Mineral Water,250 ml • 24 x 250 ml,$24.99 ,"http://95.217.130.223:9000/instacart-product-images/large_a518318b-36f5-4781-be1b-d52fbc231e81.jpg, http://95.217.130.223:9000/instacart-product-images/large_50e1d07a-fc23-4edb-ac07-76c5b0d8ba2f.jpg, http://95.217.130.223:9000/instacart-product-images/large_10a9e79f-c9c8-4078-bdc8-a25d6a5538e1.jpg","• Includes twenty-four 8.45 fl oz glass bottles of S.Pellegrino Sparkling Natural Mineral Water, • This bottled sparkling water offers unmistakable taste and gentle bubbles, • S.Pellegrino sparkling mineral water is low in sodium and contains zero calories with no artificial colors, flavors or sweeteners, • Perfect for any of life’s delicious moments, this unflavored sparkling water complements the flavors of your favorite foods and is perfect for a night out on the town, • Each glass bottle in this sparkling water 24 pack is ideal for serving with meals shared by friends, • Enhance your moments with S.Pellegrino Sparkling Natural Mineral Water, • SNAP and EBT Eligible item, , Embrace The Spirit Of Italian Living With S.Pellegrino Sparkling Natural Mineral Water. While Moving Through The San Pellegrino Terme Area At The Foothills Of The Italian Alps, This Water Mineralizes Through Contact With Underground Rocks, Naturally Enriching S.Pellegrino With Mineral Salts, Calcium And Magnesium. The Addition Of Carbon Dioxide To The Italian Mineral Water Enhances S.Pellegrino, Providing Its Unmistakable Taste And Gentle Bubbles. Each Serving In This Case Of Water Is Low In Sodium And Contains Zero Calories With No Artificial Colors, Flavors Or Sweeteners. Elevate Your Next Homemade Meal With This Italian Sparkling Mineral Water, Enjoy While You’Re Out On The Town, Or Indulge During Any Of Life’S Delicious Moments. Unflavored Sparkling Water Perfectly Complements The Flavors Of Your Favorite Foods, Making It A Favorite Of Chefs And Foodies Alike. Enhance Your Moments With S.Pellegrino Sparkling Natural Mineral Water.","Store In A Clean, Cool, Dry And Odorless Place, Away From Direct Sunlight And Freezing Temperatures."
 Customer Favorites,Sprite Lemon Lime Soda Soft Drinks,12 fl oz • 35 x 12 fl oz,$24.99 ,"http://95.217.130.223:9000/instacart-product-images/large_e0c545da-f261-4b48-b505-ab8e79efc46a.jpg, http://95.217.130.223:9000/instacart-product-images/large_59ea126e-48b1-4aec-bdb0-de91518a2976.jpg, http://95.217.130.223:9000/instacart-product-images/large_7ff8f1b4-260c-4873-8e11-6ac360efd4b9.jpg","Designers, artists, musicians, athletes. Tastemakers, changemakers and trend-setters. They’ve all got something in common—a thirst. For cutting through the noise with a perspective all their own. And Sprite helps them quench that thirst., It’s a one-of-a-kind, citrus soda that’s got a lemon-lime flavor made with cut through refreshment, making sure you’re ready to leave your mark., How? By keeping it real. Just like you do, an iconic flavor, and whatever you can think of next.​ It’s all you need to pursue your passions—a moment to take a sip, refresh your senses, and get back to pushing the boundaries wherever you go., Sprite has been the clear choice for lemon-lime soda lovers since 1961. It’s made with 100% natural flavors and comes in a variety of sizes and flavors, leaving something for everyone., So, pick up a 12oz can 35 pack of caffeine-free Sprite soda today and make your mark., ,  • Quench your thirst with refreshing Sprite soda​,  • Clear, crisp lemon-lime soda will keep you invigorated and inspired​,  • A delicious citrus taste that knows how to keep things cool​,  • Caffeine-free, full of 100% natural flavors,  • 12 fl oz can 35 pack to help you cut through the noise",-
 Customer Favorites,Sprite Lemon Lime Soda Soft Drinks,12 fl oz • 35 x 12 fl oz,$24.99 ,"http://95.217.130.223:9000/instacart-product-images/large_e0c545da-f261-4b48-b505-ab8e79efc46a.jpg, http://95.217.130.223:9000/instacart-product-images/large_59ea126e-48b1-4aec-bdb0-de91518a2976.jpg, http://95.217.130.223:9000/instacart-product-images/large_7ff8f1b4-260c-4873-8e11-6ac360efd4b9.jpg","Designers, artists, musicians, athletes. Tastemakers, changemakers and trend-setters. They’ve all got something in common—a thirst. For cutting through the noise with a perspective all their own. And Sprite helps them quench that thirst., It’s a one-of-a-kind, citrus soda that’s got a lemon-lime flavor made with cut through refreshment, making sure you’re ready to leave your mark., How? By keeping it real. Just like you do, an iconic flavor, and whatever you can think of next.​ It’s all you need to pursue your passions—a moment to take a sip, refresh your senses, and get back to pushing the boundaries wherever you go., Sprite has been the clear choice for lemon-lime soda lovers since 1961. It’s made with 100% natural flavors and comes in a variety of sizes and flavors, leaving something for everyone., So, pick up a 12oz can 35 pack of caffeine-free Sprite soda today and make your mark., ,  • Quench your thirst with refreshing Sprite soda​,  • Clear, crisp lemon-lime soda will keep you invigorated and inspired​,  • A delicious citrus taste that knows how to keep things cool​,  • Caffeine-free, full of 100% natural flavors,  • 12 fl oz can 35 pack to help you cut through the noise",-
 Customer Favorites,Sprite Lemon Lime Soda Soft Drinks,12 fl oz • 35 x 12 fl oz,$24.99 ,"http://95.217.130.223:9000/instacart-product-images/large_e0c545da-f261-4b48-b505-ab8e79efc46a.jpg, http://95.217.130.223:9000/instacart-product-images/large_59ea126e-48b1-4aec-bdb0-de91518a2976.jpg, http://95.217.130.223:9000/instacart-product-images/large_7ff8f1b4-260c-4873-8e11-6ac360efd4b9.jpg","Designers, artists, musicians, athletes. Tastemakers, changemakers and trend-setters. They’ve all got something in common—a thirst. For cutting through the noise with a perspective all their own. And Sprite helps them quench that thirst., It’s a one-of-a-kind, citrus soda that’s got a lemon-lime flavor made with cut through refreshment, making sure you’re ready to leave your mark., How? By keeping it real. Just like you do, an iconic flavor, and whatever you can think of next.​ It’s all you need to pursue your passions—a moment to take a sip, refresh your senses, and get back to pushing the boundaries wherever you go., Sprite has been the clear choice for lemon-lime soda lovers since 1961. It’s made with 100% natural flavors and comes in a variety of sizes and flavors, leaving something for everyone., So, pick up a 12oz can 35 pack of caffeine-free Sprite soda today and make your mark., ,  • Quench your thirst with refreshing Sprite soda​,  • Clear, crisp lemon-lime soda will keep you invigorated and inspired​,  • A delicious citrus taste that knows how to keep things cool​,  • Caffeine-free, full of 100% natural flavors,  • 12 fl oz can 35 pack to help you cut through the noise",-
 Customer Favorites,Oregon Chai Original Chai Tea Latte,32 fl oz • $0.28/fl oz,$8.99 ,http://95.217.130.223:9000/instacart-product-images/large_57c54c58-85cd-4399-b394-8a7cea43ab12.jpg,Please note this product is for 1 unit. Please see promotion to purchase case price.,Simply Combine Concentrate Half & Half With Milk For A Traditional Chai Latte.
 Customer Favorites,Finest Call Passion Fruit Puree Drink Mix,1 L,$5.99 ,http://95.217.130.223:9000/instacart-product-images/large_d99bf906-a7a0-4aa8-92c6-0e534cc63244.jpg,Please note this product is for 1 unit. Please see promotion to purchase case price.,-
 Customer Favorites,Always Fresh Chicken Drumsticks,About 40.0 lb each • $0.61 / lb (About 40.0 lb each)Final cost by weight,$24.40 each (est.),http://95.217.130.223:9000/instacart-product-images/large_15dda483-1db6-44e8-990d-a6dce3e2bb93.png,-,-
 Customer Favorites,Pepsi Cola,12 fl oz • 36 x 12 fl oz,$19.99 ,"http://95.217.130.223:9000/instacart-product-images/large_e9aa796b-b742-457b-9af2-01a6db9cd2e4.png, http://95.217.130.223:9000/instacart-product-images/large_c6775648-c2bc-4ad6-8dbe-11150fe05432.png, http://95.217.130.223:9000/instacart-product-images/large_89754da4-c26b-420e-818a-e4beef27cfbb.png","Pepsi - the bold, refreshing, robust cola ,  , • 12 oz,  , • 36 pk",Best served chilled or over ice
 Customer Favorites,"9"" Black 2 Ply Sunset Cocktail Napkin",500 ct • 4 ct,$17.99 ,http://95.217.130.223:9000/instacart-product-images/large_6193dc31-bd50-4c05-bc5b-0f620d7672ed.jpg,Please note this product is for 1 unit. Please see promotion to purchase case price.,-
 Customer Favorites,Saratoga Spring Water,28 fl oz • 12 x 28 fl oz,$27.99 ,"http://95.217.130.223:9000/instacart-product-images/large_193656f9-aedc-4ab4-8c9b-52aac15601eb.jpg, http://95.217.130.223:9000/instacart-product-images/large_331f2762-a888-44d9-b5ad-a055d88fa2ec.jpg, http://95.217.130.223:9000/instacart-product-images/large_e5b956e1-51eb-4190-b4f2-dec38b3afd4b.jpg","The perfect size for passing around the table. Saratoga® still spring water has a light, smooth taste that pairs well with delicate flavors and foods.",Store In A Cool Dry Place
 Customer Favorites,Cafe Espresso Whole Coffee Beans,2 lb • $0.50/oz,$15.99 ,http://95.217.130.223:9000/instacart-product-images/large_d7b0e3a9-94ba-49c3-af1a-d0f5ba960edd.jpg,Please note this product is for 1 unit. Please see promotion to purchase case price.,-
 Customer Favorites,Skyline Slash - Oven Cleaner - gallon,4 gal • $0.02/fl oz,$9.99 ,http://95.217.130.223:9000/instacart-product-images/large_ca2ddcd8-cf26-4815-9788-3f5bdb0f667e.jpg,Please note this product is for 1 unit. Please see promotion to purchase case price.,-
 Customer Favorites,Mangos Case,1 each,$22.99 ,http://95.217.130.223:9000/instacart-product-images/large_cf2af034-93c5-44d9-ac8e-2434e35fc1f3.jpg,-,-
 Customer Favorites,"Sunset Brands Sunset - 4 Piece Wrapped Cutlery Set (fork, knife, teaspoon, napkin) - 250 Ct",250 ct • $0.04 each,$9.99 ,http://95.217.130.223:9000/instacart-product-images/large_d80ef939-263f-4deb-a966-3ee5d3e5b0d5.jpg,-,-
 Customer Favorites,Chef's Quality Sweetened Applesauce,10 oz • 6 x 10 oz,$8.99 ,http://95.217.130.223:9000/instacart-product-images/large_c993ab2f-89a3-4092-929f-57c815afe36f.png,Please note this product is for 1 unit. Please see promotion to purchase case price.,-
 Customer Favorites,Mr. Bar-B-Q Whipped Cream Chargers,24 ct • $0.62 each,$14.99 ,http://95.217.130.223:9000/instacart-product-images/large_84223f8f-5553-4ce3-8945-a31a69799ae7.jpg,Please note this product is for 1 unit. Please see promotion to purchase case price.,-
 Customer Favorites,"Real Coconut Water Coconut Water, Real",33.75 fl oz • $0.11/fl oz,$3.59 ,http://95.217.130.223:9000/instacart-product-images/large_92ef2dad-0f98-4ceb-aabf-523baa824241.jpg,Please note this product is for 1 unit. Please see promotion to purchase case price.,Open close cap. Remove seal. After opening. Use in 3 days. Drink cold.
 Customer Favorites,Mint,1 lb • $0.56/oz,$8.99 ,http://95.217.130.223:9000/instacart-product-images/large_85895116-06a6-4617-8a28-b9bd0d4d3649.jpeg,Please note this product is for 1 unit. Please see promotion to purchase case price.,-
 Customer Favorites,White Swan Paper Towels,1 each,$19.99 ,http://95.217.130.223:9000/instacart-product-images/large_278de44b-c47a-452d-92d0-4ef8a5d658f3.jpeg,-,-
 Customer Favorites,Coca-Cola Cola Soda Pop Bottles,2 L • 4 x 2 L,$11.99 ,"http://95.217.130.223:9000/instacart-product-images/large_8a28315a-a02e-4393-88ea-314477174c2e.jpg, http://95.217.130.223:9000/instacart-product-images/large_6c88d7c0-cf8f-4812-aa10-dbb91fc09fb2.jpg, http://95.217.130.223:9000/instacart-product-images/large_55feee00-e587-46b1-8a13-ef66bca23539.jpg",Please note this product is for 1 unit. Please see promotion to purchase case price.,-
 Customer Favorites,Coca-Cola Cola Soda Pop Bottle,20 fl oz • $1.95/fl oz,$38.99 ,"http://95.217.130.223:9000/instacart-product-images/large_e0cc1758-9cf6-4e31-b9bb-b42cfdceefe4.jpg, http://95.217.130.223:9000/instacart-product-images/large_44f95551-a6db-45ec-9e99-40e9196b7124.jpg, http://95.217.130.223:9000/instacart-product-images/large_403a2eb5-c85e-4ae1-a4fb-9420e244fa9a.jpg","There's nothing quite like the crisp, refreshing taste of an ice-cold Coca-Cola. Carefully crafted in 1886, Coca-Cola's great taste has stood the test of time. This soda is the perfect companion for both special moments and everyday enjoyment., , Each sip of Coca-Cola's signature taste brings a smile. This refreshing soft drink is meant to be enjoyed anytime, anywhere, making life's moments more magical. Coca-Cola's secret formula has been carefully crafted to create a taste experience like no other. The familiar fizz and caffeine give you an instant ""ahh"" moment with every sip. , , Pop open a Coca-Cola and drink in the moments that make life special. Whether spending time with loved ones or taking a quick break to recharge, Coca-Cola makes the ordinary extraordinary. Refreshing the world for over 130 years, Coca-Cola continues to bring people together and spread optimism wherever it goes. Find your magic and make life delicious with an ice-cold Coca-Cola., ,  • Coca-Cola Original Taste — the crisp, refreshing taste you know and love,  • Coke, making life magic since 1886,  • Enjoy delicious and refreshing Coca-Cola sodas to refresh your day.,  • 57 mg of caffeine in each 20 fl oz serving,  • 20 fl oz bottle of Coca-Cola","Store product in a cool, dry place. Protect from freezing."
 Customer Favorites,"Big C 3/8"" Coated Excalibur Fries",4.5 lb • 6 x 4.5 lb,$47.99 ,http://95.217.130.223:9000/instacart-product-images/large_66aef0e8-1c05-496f-96f3-47ffd45a4559.png,-,-
 Customer Favorites,Snow Crab Cluster,10 lb • $0.69/oz,$109.99 ,http://95.217.130.223:9000/instacart-product-images/large_eb7ce64d-38ae-4795-88ad-9d48b4c0bb95.jpg,-,-
 Customer Favorites,"Chef's Quality 14"" Sliced Red Velvet Cake",4.75 lb • $0.42/oz,$31.99 ,http://95.217.130.223:9000/instacart-product-images/large_c6c1f966-d46b-4093-a409-41749a4ce3a2.png,Please note this product is for 1 unit. Please see promotion to purchase case price.,-
 Customer Favorites,"Qualite 14"" Terry Towel",75 ct • $0.63 each,$46.99 ,http://95.217.130.223:9000/instacart-product-images/large_0231836a-b702-449d-874d-b8dbf3b12a3f.jpg,Please note this product is for 1 unit. Please see promotion to purchase case price.,-
 Customer Favorites,Sunset Extra Large Powder Free Vinyl Gloves,1 each,$43.99 ,http://95.217.130.223:9000/instacart-product-images/large_402e14cc-aa92-45b3-ac36-a259e2ad56a0.jpg,Please note this product is for 1 unit of gloves. Please see promotion to purchase case price.,-
 Breakfast,"Quaker Grits, Quick 5-Minute",80 oz • $0.06/oz,$4.99 ,"http://95.217.130.223:9000/instacart-product-images/large_03ba8945-f078-4d91-901e-4958f4c8ec72.png, http://95.217.130.223:9000/instacart-product-images/large_69c9f8ab-b25f-4b66-868c-cdbbd6000671.png, http://95.217.130.223:9000/instacart-product-images/large_547aebb4-81dc-4ce5-93a6-16593be3792b.png",Please note this product is for 1 unit. Please see promotion to purchase case price.,"Safe Handling Instructions: This is made with raw corn, so it is not ready to eat and must be thoroughly cooked before eating to prevent illness. Do not eat or play with raw product; wash hands, utensils, and surfaces after handling., Cook in About 5 Minutes: 1 (Servings); 1/4 Cup (Grits); 1 Cup (Water); Dash (Salt (Optional));  4 (Servings); 1 Cup (Grits); 4 Cups (Water); 1/4 tsp. (Salt (Optional)). Hot Water: (1) Slowly stir grits and salt into briskly boiling water. (2) Reduce heat to medium-low; cover. Cook 5 to 7 minutes or until thickened, stirring occasionally. Remove from heat. Quick and easy. Microwave (Microwave ovens vary in power; cooking time may need to be adjusted) (1 Serving): (1) Combine water, grits and salt in 2 cup microwave-safe bowl; stir. (2) Microwave on high 3 to 4 minutes or until thickened when stirred. Tip: For thicker grits decrease water; for thinner grits increase water."
 Breakfast,"Quaker Oats, Quick 1-Minute",42 oz • $0.19/oz,$7.99 ,"http://95.217.130.223:9000/instacart-product-images/large_efce9e63-26e8-4cb3-92a3-2b57967eb8bc.png, http://95.217.130.223:9000/instacart-product-images/large_5b29a5dd-0210-4ffd-a155-b38cc4b76925.png, http://95.217.130.223:9000/instacart-product-images/large_ae259b23-9f8b-4acd-896d-3325539183c7.png",Please note this product is for 1 unit. Please see promotion to purchase case price.,"Preparation Directions: Direct Heat Method: In heavy saucepan, stir oats into briskly boiling salted water. Return to boil; reduce heat. Simmer 3 to 5 minutes, stirring occasionally. Transfer to steamtable pan and cover. Hold on steamtable on medium (No.5 setting) up to 1 hour. Stir before serving. Steam-Jacketed Kettle Method: Stir oats into briskly boiling salted water. Return to boil; reduce heat. Simmer 3 to 5 minutes, stirring occasionally. Transfer to steamtable pan and cover. Hold on steamtable on medium (No.5 setting) up to 1 hour. Stir before serving. Servings (1 cup cooked) 30; Oats 42 oz. (14 cups); Water 1 gallon + 3 quarts (28 cups); Salt (Optional) 1 Tablespoon. Servings (1 cup cooked) 17; Oats 24 oz. (8 cups); Water 15 cups; Salt (Optional) 1 Teaspoon. Servings (1 cup cooked) 8; Oats 12 oz. (4 cups); Water 6-1/2 cups; Salt (Optional) 1/2 teaspoon. Servings (1 cup cooked) 2; Oats 3 oz. (1 cup); Water 1-3/4 cups; Salt (Optional) Dash."
 Breakfast,"Pearl Milling Company Pancake & Waffle Mix, Buttermilk, Complete",80 oz • $0.15/oz,$11.99 ,"http://95.217.130.223:9000/instacart-product-images/large_4e9e7372-b549-4569-8807-40da66d49b3e.png, http://95.217.130.223:9000/instacart-product-images/large_4e41d879-0923-49d0-a5e9-fa1083baa33f.png, http://95.217.130.223:9000/instacart-product-images/large_272a4952-eebb-4485-a34d-c7679b752726.png",Please note this product is for 1 unit. Please see promotion to purchase case price.,"Safe Handling Instructions: Pancake mix is made with raw flour so it is not ready-to-eat and must be thoroughly cooked before eating to prevent illness from bacteria in the flour. Do not eat or play with raw dough; wash hands, utensils, and surfaces after handling. Handling Hints: Keep batter away from direct heat. Cover and refrigerate batter not to be used immediately, it will be stable up to 2 days. Bring refrigerated batter back to room temperature prior to using. Stir batter that has been refrigerated or allowed to stand. Don't mix old batter with fresh batter. Don't add additional liquid to batter which has been stored. To hold, place prepared pancakes in small stacks in pan on steamtable at medium (5-6) setting. For best results, keep covered., Pancakes: Makes 12 four-inch pancakes. 2 cups dry mix. 1-1/2 cups water. 1. Preheat griddle to 375 degrees F; grease lightly with solid shortening. 2. Place water in mixing bowl. For thinner pancakes, add more water. For thicker pancakes, add less water. 3. Add mix. 4. Hand Mixing: Using a wire whisk, mix just until large lumps disappear. Machine mixing: Using a wire whisk, mix on low speed for 30 seconds. Scrape bowl. Continue mixing on low speed for approximately 30 seconds or until large lumps disappear. Do not overmix. Allow batter to set at least 10 minutes before using. 5. Pour slightly less than 1/4 cup batter for each pancake onto lightly greased skillet. Cook for 90 seconds on first side. Turn, and cook for another 60 seconds. Single Serving Directions (two 4-in pancakes): Use 1/3 cup mix and 1/4 cup water. Large Batch Preparation Instructions: Ingredients: Water (room temperature 70-75 degrees F); Full box-5 lbs about 98. 4 inches (2 oz) pancakes or about 45. 7 inches (4 oz) waffles. 3 qts (6 lbs); Small batch-1 lb: About 21 4 inches (2 oz) pancakes or about 9 7 inches (4 oz) waffles: 2-1/2 cups (1 lb 6 oz). Ingredients: Pancake mix; Full box-5 lbs; small batch-1 lb: 3-1/2 cups (1 lb). Ingredients: Vegetable oil (waffles only); Full box-5 lbs 2-1/2 cups; small batch-1 lb: 1/2 cup. Waffle Directions: 1. Preheat waffle iron according to manufacturer's directions. Grease lightly. 2. Combine water and oil in mixing bowl. 3. Add mix Follow the mixing directions for pancakes. Portion a 4 oz ladle or a 8 scoop of batter onto hot waffle iron. 4. Bake 2-3 minutes or until steaming stops., To open press and pull back."
 Breakfast,"Frosted Flakes Cold Breakfast Cereal, 8 Vitamins and Minerals, Kids Snacks, Original",55 oz • 2 x 55 oz,$12.99 ,"http://95.217.130.223:9000/instacart-product-images/large_930cb85e-9822-403d-9f31-cf531682d11b.jpg, http://95.217.130.223:9000/instacart-product-images/large_dc5c80c2-17ae-49fb-a738-bb1f8401682c.jpg, http://95.217.130.223:9000/instacart-product-images/large_e9d092f9-4919-4b81-bbae-3384ebf0d37c.jpg",", Just like Tony the Tiger, your whole family can get delicious fun started with Kellogg's Frosted Flakes ready-to-eat Breakfast Cereal. Thanks to the toasty, crunchy corn flakes sprinkled with sweet frosting, adults and kids experience a tasty and satisfying bowl every time. Each serving of this cereal is fat free and a good source of 8 vitamins and minerals. Plus, there are no artificial colors or flavors; Enjoy a bowl of Kellogg's Frosted Flakes with your favorite dairy or nut milk. Eat pawfuls as a snack or late-night bite. Make it a sweet complement to your morning coffee or tea. Crush them up as a crunchy topping for ice cream. Kellogg's Frosted Flakes Cereal gives you the sweet spark to go all in and let your GR-R-REAT out., • Start your morning right and enjoy the irresistible taste of crunchy corn flakes with a sparkle of sweet frosting in every spoonful, • Treat your family to GR-R-REAT-tasting, crunchy flakes of corn sprinkled with sweet frosting; Perfect for both kids and adults, • Healthy, fat-free cereal; A good source of eight vitamins and minerals in every serving; Kosher Pareve, • Enjoy with your favorite milk or as a tasty snack at work, after school, or late night bite, • Includes one, 55oz box containing two bags of Frosted Flakes ready-to-eat Cereal; Packaged for freshness and great taste",Ready to Eat
 Breakfast,"Gold Medal Pancake Mix, Complete Buttermilk",5 lb • $0.10/oz,$7.99 ,"http://95.217.130.223:9000/instacart-product-images/large_eddafadf-e5a0-4828-be3d-d7373770ea42.png, http://95.217.130.223:9000/instacart-product-images/large_882d3334-a8cf-4e41-b4c0-db5670df720e.png, http://95.217.130.223:9000/instacart-product-images/large_06dff478-d4ad-48be-a165-4087372f90d5.png",Please note this product is for 1 unit. Please see promotion to purchase case price.,"Pancake mix is not ready-to-eat and must be thoroughly cooked before eating. To prevent illness from naturally occurring bacteria in wheat flour, do not eat raw butter; wash hands and surfaces after handling. Yield: Ladle: 2 oz; Approx Pancake Size: 4 1/2 inches; Full Batch: 84; Half Batch: 42. Ingredients: Cool water (approx 72 degrees F): Full batch 11 cups (5 lb 8 oz); Half batch 5 1/2 cups (2 lb 12 oz). Mix: Full batch full box (5 lb); Half batch 7 1/4 cups (2 lb 8 oz. Mixing Directions: Hand Mixing: 1. Pour total amount of water into mixing bowl. 2. Add total amount of pancake mix. 3. Mix using a wire whip until batter is blended and smooth. Do not overmix. Machine Mixing: 1. Pour total amount of liquid into mixer bowl. 2. Add total amount of pancake mix. 3. Mix using a wire whip attachment on low speed until batter is blended and fairly smooth (approx 1 minute). Stop mixer. Scrape bowl. 4. Mix on low speed until batter is smooth (approx 1 minute). Do not overmix. Note: Refrigerate unused batter up to 48 hours. Gently stir before grilling. Grilling: Deposit batter on a preheated griddle set at 375 degrees F. Grill 1 1/2 minutes on each side or until puffed and edges begin to dry. Turn only once. High Altitude (2500 ft. and above): To full box (5 lb) mix, add an additional 4 oz (1 cup) of all-purpose flour and 4 oz (1/2 cup) of water. Follow label directions for preparing and grilling, adding the flour with the mix in Step 2., Best if used by."
 Breakfast,Pearl Milling Co. Original Pancake & Waffle Mix,5 lb • $0.15/oz,$11.99 ,http://95.217.130.223:9000/instacart-product-images/large_45c54abe-265c-495a-a74a-1d8d6aaca9fa.jpg,Please note this product is for 1 unit. Please see promotion to purchase case price.,-
 Breakfast,"Frosted Flakes Cold Breakfast Cereal, 8 Vitamins and Minerals, Kids Snacks, Original",55 oz • 2 x 55 oz,$12.99 ,"http://95.217.130.223:9000/instacart-product-images/large_930cb85e-9822-403d-9f31-cf531682d11b.jpg, http://95.217.130.223:9000/instacart-product-images/large_dc5c80c2-17ae-49fb-a738-bb1f8401682c.jpg, http://95.217.130.223:9000/instacart-product-images/large_e9d092f9-4919-4b81-bbae-3384ebf0d37c.jpg",", Just like Tony the Tiger, your whole family can get delicious fun started with Kellogg's Frosted Flakes ready-to-eat Breakfast Cereal. Thanks to the toasty, crunchy corn flakes sprinkled with sweet frosting, adults and kids experience a tasty and satisfying bowl every time. Each serving of this cereal is fat free and a good source of 8 vitamins and minerals. Plus, there are no artificial colors or flavors; Enjoy a bowl of Kellogg's Frosted Flakes with your favorite dairy or nut milk. Eat pawfuls as a snack or late-night bite. Make it a sweet complement to your morning coffee or tea. Crush them up as a crunchy topping for ice cream. Kellogg's Frosted Flakes Cereal gives you the sweet spark to go all in and let your GR-R-REAT out., • Start your morning right and enjoy the irresistible taste of crunchy corn flakes with a sparkle of sweet frosting in every spoonful, • Treat your family to GR-R-REAT-tasting, crunchy flakes of corn sprinkled with sweet frosting; Perfect for both kids and adults, • Healthy, fat-free cereal; A good source of eight vitamins and minerals in every serving; Kosher Pareve, • Enjoy with your favorite milk or as a tasty snack at work, after school, or late night bite, • Includes one, 55oz box containing two bags of Frosted Flakes ready-to-eat Cereal; Packaged for freshness and great taste",Ready to Eat
 Breakfast,"Quaker Oats, Old Fashioned, 100% Wole Grain, Rolled",5 lb • 2 x 5 lb,$13.99 ,"http://95.217.130.223:9000/instacart-product-images/large_5ffc39b6-ae1b-40b2-95fa-358b92672513.png, http://95.217.130.223:9000/instacart-product-images/large_62e6a20e-b11b-457a-8edf-00a29063ab9c.png, http://95.217.130.223:9000/instacart-product-images/large_3d7e1a5c-26de-4af1-8ba2-2cf0e011e053.png","Mornings, meet your maker. A warm bowl of Quaker Oats is one of nature's most perfect energy sources. It goes great with fresh or dried fruits to crunchy nuts. Even better, the goodness doesn't stop with the taste.","Preparing Great Oatmeal: No. of 40 g Servings: About 57; Old fashioned Oats: 5 lbs; Water or Milk: 3 gal.+1 qt.; Salt (Optional): 1- 1/2 tbsp. No. of 40 g Servings: 16; Old fashioned Oats: 8 cups; Water or Milk: 16 cups; Salt (Optional): 2 tsp. No. of 40 g Servings: 8; Old fashioned Oats: 4 cups; Water or Milk: 6  cups; Salt (Optional):1 tsp. No. of 40 g Servings: 4; Old fashioned Oats: 2 cups; Water or Milk: 3 - ½ cups; Salt (Optional): ¼ tsp. No. of 40 g Servings: 2; Old fashioned Oats: 1cup; Water or Milk: 1 – ¾ cups; Salt (Optional): 1/8 tsp. No. of 40 g Servings: 1- ½;Old fashioned Oats: ¾ cup; Water or Milk: 1- ½ cups; Salt (Optional): Dash. No. of 40 g Servings: 1; Old fashioned Oats: 1/2 cup; Water or Milk: 1 cup; Salt (Optional): Dash. Food Service Preparation: Direct Heat Method: In heavy saucepan, stir oats into briskly boiling salted water. Return to boil reduce heat simmer 1 minute, stirring occasionally transfer to steam table; cover. Serve immediately. Microwave Directions (Microwave ovens vary in power; cooking times may need to be adjusted). For 1 serving pour 1 cup water, 1/2 cup oats and a dash of salt (optional in quart microwave-safe container cook uncovered about 1 minute (1000 watt microwave oven stir well. Let stand until desired consistency Serving suggestion: try one of these: brown sugar, chopped nuts, raisins, preserves, strawberries, blueberries, dried fruit, yogurt, quaker simply granola, chocolate chips, honey or pearl milling company syrup. Home Preparation. Stove Top: 1. Stir oats into briskly boiling salted water 2. Cook 1 minute over medium heat, stirring occasionally. 3. Cover, remove from heat. Let stand until desired consistency. For creamier texture, combine oats and salt in cold water, bring to a boil: cook as directed. Microwave Directions (Microwave ovens vary in power; cooking times may need to be adjusted): 1. For 1 serving, combine water, salt and oats in 2 cup microwaveable cereal bowl 2. Microwave at high 1-1/2 to 2 minutes or until thickened. 3. Mix well before serving."
 Breakfast,"Kellogg’s Nutri-Grain Soft Baked Breakfast Bars, Made with Whole Grains, Kids Snacks, Apple Cinnamon",1.3 oz • 16 x 1.3 oz,$13.99 ,"http://95.217.130.223:9000/instacart-product-images/large_17e21749-6e35-4709-8153-a9db8af1dcda.jpg, http://95.217.130.223:9000/instacart-product-images/large_8911cefa-c6c0-458c-8470-a10ab9d5b6cd.jpg, http://95.217.130.223:9000/instacart-product-images/large_bedfa7d1-f7e8-469f-8d87-182782baed9e.jpg",Please note this product is for 1 unit. Please see promotion to purchase case price.,Ready to Eat
 Breakfast,"Pop-Tarts Toaster Pastries, Breakfast Foods, Kids Snacks, Frosted Hot Fudge Sundae",20.3 oz • 12 x 20.3 oz,$5.99 ,"http://95.217.130.223:9000/instacart-product-images/large_b774ee45-4d57-42e7-a019-51bcfed5ebf9.jpg, http://95.217.130.223:9000/instacart-product-images/large_51a823be-08be-4b80-b7aa-a4ccb92a8646.jpg, http://95.217.130.223:9000/instacart-product-images/large_840ca6bf-3b76-4b0f-8530-d328717b67d3.jpg",Please note this product is for 1 unit. Please see promotion to purchase case price.,Ready to Eat
 Breakfast,Quaker Old Fashioned Oats,42 oz • $0.19/oz,$7.99 ,http://95.217.130.223:9000/instacart-product-images/large_c79af79b-b7ac-418a-9f3d-89264c70a3aa.jpg,Please note this product is for 1 unit. Please see promotion to purchase case price.,-
 Breakfast,"Kellogg's Apple Jacks Cold Breakfast Cereal, 8 Vitamins and Minerals, Kids Snacks, Original",9 oz • 6 x 9 oz,$8.99 ,"http://95.217.130.223:9000/instacart-product-images/large_d561492d-b41b-4510-a608-2f05a0cafc77.jpg, http://95.217.130.223:9000/instacart-product-images/large_ce0f3c79-a4b2-44de-9590-95f975d54677.jpg, http://95.217.130.223:9000/instacart-product-images/large_a2e08e45-dfcc-47b4-ab9f-81fdd6d23ee8.jpg",Please note this product is for 1 unit. Please see promotion to purchase case price.,Ready to Eat
 Breakfast,"Kellogg’s Nutri-Grain Soft Baked Breakfast Bars, Made with Whole Grains, Kids Snacks, Strawberry",1.3 oz • 16 x 1.3 oz,$13.99 ,"http://95.217.130.223:9000/instacart-product-images/large_fe0152e0-333e-48f9-8030-5e316f182da4.jpg, http://95.217.130.223:9000/instacart-product-images/large_f34bce82-603b-486b-9ddc-f77a58737b78.jpg, http://95.217.130.223:9000/instacart-product-images/large_6a27df7a-2848-409f-bbde-17b2e6218378.jpg",Please note this product is for 1 unit. Please see promotion to purchase case price.,Ready to Eat
 Breakfast,"Frosted Mini-Wheats Cold Breakfast Cereal, High Fiber Cereal, Kids Snacks, Original",15 oz • 6 x 15 oz,$8.99 ,"http://95.217.130.223:9000/instacart-product-images/large_fec1f24d-ee25-4321-825f-1a08bad45d86.jpg, http://95.217.130.223:9000/instacart-product-images/large_f6c573c6-0ef1-4348-a523-797d35adee1a.jpg, http://95.217.130.223:9000/instacart-product-images/large_de907169-48ac-47e9-9ffb-090589190778.jpg",Please note this product is for 1 unit. Please see promotion to purchase case price.,Ready to Eat
 Breakfast,"Pop-Tarts Toaster Pastries, Breakfast Foods, Kids Snacks, Frosted Strawberry",3.3 oz • 6 x 3.3 oz,$5.99 ,"http://95.217.130.223:9000/instacart-product-images/large_cbd0e7b6-1cc2-4634-abb2-19cdcd4c16f6.jpg, http://95.217.130.223:9000/instacart-product-images/large_bb0ef867-dc9f-4e0a-bd05-fef50a5b1459.jpg, http://95.217.130.223:9000/instacart-product-images/large_6315098e-ce86-4fb6-a809-964ba4f65e08.jpg",Please note this product is for 1 unit. Please see promotion to purchase case price.,Ready to Eat
 Breakfast,"Kellogg’s Nutri-Grain Soft Baked Breakfast Bars, Made with Whole Grains, Kids Snacks, Blueberry",20.8 oz • 16 x 20.8 oz,$14.99 ,"http://95.217.130.223:9000/instacart-product-images/large_16660bfd-369a-4a76-9857-f3f9d9795ffe.jpg, http://95.217.130.223:9000/instacart-product-images/large_62b2cdb2-308e-47da-bffb-f08300ca1b6c.jpg, http://95.217.130.223:9000/instacart-product-images/large_00d29bae-1af9-4373-b647-7018ad195d7f.jpg",Please note this product is for 1 unit. Please see promotion to purchase case price.,Ready to Eat
 Breakfast,"9"" X 3"" Pancake",1 each,$7.99 ,http://95.217.130.223:9000/instacart-product-images/large_558a7037-23e9-45cf-b155-46a2c67c0e79.jpg,Please note this product is for 1 unit. Please see promotion to purchase case price.,-
 Breakfast,"Kellogg Froot Loops Cold Breakfast Cereal, Fruit Flavored, Breakfast Snacks with Vitamin C, Original",1.5 oz • 6 x 1.5 oz,$8.99 ,"http://95.217.130.223:9000/instacart-product-images/large_65edfd3d-2892-485a-847c-3f8d87c51add.jpg, http://95.217.130.223:9000/instacart-product-images/large_dbd4b9df-0a6e-47b6-bdcf-34b14d762b28.jpg, http://95.217.130.223:9000/instacart-product-images/large_1b24e229-49cc-40f4-86e3-fcc79f648be2.jpg",Please note this product is for 1 unit. Please see promotion to purchase case price.,Ready to Eat
 Breakfast,"Corn Pops Cold Breakfast Cereal, 8 Vitamins and Minerals, Original",9 oz • 6 x 9 oz,$8.99 ,"http://95.217.130.223:9000/instacart-product-images/large_7099b69b-1672-4b01-a84c-9ca624f1b824.jpg, http://95.217.130.223:9000/instacart-product-images/large_e94fa57a-00aa-4773-a3f0-39f0ed1d1bd7.jpg, http://95.217.130.223:9000/instacart-product-images/large_993c53ae-6995-468b-8b7c-500fcd4516ff.jpg",Please note this product is for 1 unit. Please see promotion to purchase case price.,Ready to Eat
 Breakfast,"Kellogg’s Rice Krispies Treats Breakfast Cereal Cups, Kids Snacks, Family Breakfast, Chocolatey Flavor",13.8 oz • 6 x 13.8 oz,$8.99 ,"http://95.217.130.223:9000/instacart-product-images/large_a362eeae-3041-4f32-b66e-10f19b21d019.jpg, http://95.217.130.223:9000/instacart-product-images/large_b540c493-c6e8-44c0-8223-a67884281880.jpg, http://95.217.130.223:9000/instacart-product-images/large_3583e68f-bf51-4caf-ad4e-b08b137a1dd2.jpg",Please note this product is for 1 unit. Please see promotion to purchase case price.,Ready to Eat
 Breakfast,"Kellogg’s Nutri-Grain Soft Baked Breakfast Bars, Made with Whole Grains, Kids Snacks, Raspberry",1.3 oz • $11.53/oz,$14.99 ,"http://95.217.130.223:9000/instacart-product-images/large_4c55e213-4a1e-492a-9e77-46e0ca3102bc.jpg, http://95.217.130.223:9000/instacart-product-images/large_4eb39ac4-4aea-470c-a31b-ae546e967127.jpg, http://95.217.130.223:9000/instacart-product-images/large_9f6155c7-2a9c-413d-a1e8-b3a5561499da.jpg",Please note this product is for 1 unit. Please see promotion to purchase case price.,Ready to Eat
 Breakfast,Bimbo Texas Toast,28 oz • $0.10/oz,$2.69 ,http://95.217.130.223:9000/instacart-product-images/large_c5f6732e-e76d-44a9-bdae-6ffbb318c208.jpg,Please note this product is for 1 unit. Please see promotion to purchase case price.,-
 Breakfast,"Pearl Milling Company Pancake & Waffle Mix, Original",80 oz • $0.14/oz,$10.99 ,"http://95.217.130.223:9000/instacart-product-images/large_7f764d56-eb2f-4ac5-988c-4a99d2d8a9c1.png, http://95.217.130.223:9000/instacart-product-images/large_6c4619da-d6f2-4f9a-9718-d2ae78242878.png, http://95.217.130.223:9000/instacart-product-images/large_987de838-3a9e-4551-b436-3f42b1de0f49.png",Please note this product is for 1 unit. Please see promotion to purchase case price.,"Makes 8 four-inch pancakes. 1 cup dry mix, 3/4 cup milk, 1 tbsp oil, 1 egg. 1. Heat skillet over medium low heat or electric griddle to 375 degrees F. Skillet is ready when drops of water sizzle, then disappear almost immediately. 2. Combine all ingredients (as pictured); stir with wire whisk until large lumps disappear, over mixing may toughen pancakes, let stand 1-2 minutes to thicken. 3. Pour slightly less than a cup batter for each pancake onto lightly greased skillet. 4. Cook for 90 seconds on first side, turn, and cook for another 60 seconds. For thicker pancakes, use a little less milk. For thinner pancakes, use a little more milk. Single serving directions (two 4-in pancakes): use 1/4 cup mix, 3 tbsp milk, 1 egg white, 1/2 tsp oil. Waffle Directions: Heat waffle iron. Combine 1 cup pearl milling company mix, 3/4 cup milk, 1 egg and 2 tbsp oil; stir until large lumps disappear. For best results, allow batter to rest 4-5 minutes before baking. Pour desired amount of batter into lightly greased waffle iron, bake until steaming stops. Makes eight 4 inches waffles. No Cholesterol Pancakes: Substitute 2 egg whites for each egg and skim milk (fat free) for 2% milk: when prepared with 1 cup mix, 2 egg whites, 1 tablespoon vegetable oil, and 3/4 cup vitamin a & d fortified fat free milk, a serving of pancakes contains 220 calories (45 calories from fat), 5 g total fat (0.5 g saturated fat), 0 mg cholesterol, 810 mg sodium, 180 mg potassium, 37 g total carbohydrate, (1 g dietary fiber, 10 g sugars), and 8 g protein. Alternative Pancake Servings: Pancake: Mix: 2 cups makes 16 four-inch pancakes; 3 cups makes 24 four-inch pancakes. Milk: 1 1/2 cups makes 16 four-inch pancakes; 2 1/4 cups makes 24 four-inch pancakes. Egg: 2 makes 16 four-inch pancakes; 3 makes 24 four-inch pancakes. Oil: 2 tbsp makes 16 four-inch pancakes; 3 tbsp makes 24 four-inch pancakes. Safe Handling Instructions: Pancake mix is made with raw flour so it is not ready-to-eat and must be thoroughly cooked before eating to prevent illness from potential bacteria in the flour. Do not eat or play with raw dough; wash hands, utensils, and surfaces after handling. Large Batch Preparation Instructions: Full box - 5 lbs (about 126 4 inches (2 oz) pancakes or about 62 7 inches (4 oz) waffles: Ingredients: Milk; 2 qts + 13/4 cups measure. Eggs (fresh for frozen); 15 (3 cups) measure. Oil; 1 cup measure. Pancake mix; full box (5 lb) measure. Vegetable oil (waffles only); 1/2 cup measure. About 25 inches (2 oz) pancakes or about 12 7- inch (4 oz) waffles: Ingredients: Milk; 3 cups measure. Eggs (fresh for frozen); 3 measure. Oil; 3 Tbsp measure. Pancake mix; 3 cups (1 lb) measure. Vegetable oil; 2 tbsp measure. 1. Preheat griddle to 375 degrees F; grease lightly with solid shortening. 2. Place liquid ingredients in mixing bowl. Mix with a wire whip until blended. 3. Add mix. 4. Hand Mixing: Using a wire whip, mix just until large lumps disappear. Machine Mixing: Using a wire whip, mix on low speed for 1/2 minute. Scrape bowl. Continue mixing on low speed for approximately 1/2 minute or until large lumps disappear. Do not overmix. Allow batter to set at least 10 minutes before using. 5. For 4 pancakes, pour slightly less than 1/4 cup of batter onto a preheated, lightly greased griddle. Cook for 90 seconds on first side. Turn, and cook for another 60 seconds. Waffle Directions: Preheat waffle iron according to manufacturer's directions. Grease lightly. Place liquid ingredients in mixing bowl. Mix with wire whip until blended. Add mix. Follow the mixing directions for pancakes. Pour 1/2 cup of batter onto hot waffle iron. Bake 2-3 minutes or until steaming stops."
 Breakfast,Quaker Maple Brown Sugar Instant Oatmeal Express Cups Breakfast Cereal,1.69 oz • $11.83/oz,$19.99 ,http://95.217.130.223:9000/instacart-product-images/large_b3540bb7-ddaf-4dd7-9c96-8df2f481a1d5.png,-,-
 Breakfast,Chef's Quality Pancake Mix,10 lb • $0.07/oz,$11.99 ,http://95.217.130.223:9000/instacart-product-images/large_ad39c5ca-8613-4121-ba91-56a4315d243f.jpeg,Please note this product is for 1 unit. Please see promotion to purchase case price.,-
 Breakfast,Chef's Quality Crunchy Granola Chips,10 lb • $0.16/oz,$24.99 ,http://95.217.130.223:9000/instacart-product-images/large_f79c4754-39f2-4a0c-a8c1-08c2e4155889.png,-,-
 Breakfast,Quaker Quick-5 Minutes Smooth & Creamy Grits,24 oz • $1.50/oz,$35.99 ,http://95.217.130.223:9000/instacart-product-images/large_6aa59829-6fe5-4c25-8def-9d9a2471ad21.jpg,-,-
 Breakfast,Quaker Apple Cranberry Instant Oatmeal Express Cup,1.79 oz • $11.17/oz,$19.99 ,http://95.217.130.223:9000/instacart-product-images/large_d2a581ad-3a43-479e-aa97-8bc9a22d2472.jpg,-,-
 Breakfast,Bulk Organic Regular Rolled Oats,50 lb • $0.05/oz,$38.99 ,http://95.217.130.223:9000/instacart-product-images/large_e0466705-1941-401a-a37d-8ce5540e945f.png,-,-
 Breakfast,Quaker Honey Almond Instant Oatmeal,1.76 oz x,$19.99 ,http://95.217.130.223:9000/instacart-product-images/large_77ec64e2-a7c6-4b18-a178-0485fdebec43.jpg,-,-
 Breakfast,Schnucks Quick Rolled Oats,per lb,$37.99 ,http://95.217.130.223:9000/instacart-product-images/large_be149a1a-acaa-4b02-b388-0e5515ab8c93.png,-,-
 Breakfast,"Quaker Oats, Old Fashioned, 100% Wole Grain, Rolled",5 lb • 2 x 5 lb,$13.99 ,"http://95.217.130.223:9000/instacart-product-images/large_5ffc39b6-ae1b-40b2-95fa-358b92672513.png, http://95.217.130.223:9000/instacart-product-images/large_62e6a20e-b11b-457a-8edf-00a29063ab9c.png, http://95.217.130.223:9000/instacart-product-images/large_3d7e1a5c-26de-4af1-8ba2-2cf0e011e053.png","Mornings, meet your maker. A warm bowl of Quaker Oats is one of nature's most perfect energy sources. It goes great with fresh or dried fruits to crunchy nuts. Even better, the goodness doesn't stop with the taste.","Preparing Great Oatmeal: No. of 40 g Servings: About 57; Old fashioned Oats: 5 lbs; Water or Milk: 3 gal.+1 qt.; Salt (Optional): 1- 1/2 tbsp. No. of 40 g Servings: 16; Old fashioned Oats: 8 cups; Water or Milk: 16 cups; Salt (Optional): 2 tsp. No. of 40 g Servings: 8; Old fashioned Oats: 4 cups; Water or Milk: 6  cups; Salt (Optional):1 tsp. No. of 40 g Servings: 4; Old fashioned Oats: 2 cups; Water or Milk: 3 - ½ cups; Salt (Optional): ¼ tsp. No. of 40 g Servings: 2; Old fashioned Oats: 1cup; Water or Milk: 1 – ¾ cups; Salt (Optional): 1/8 tsp. No. of 40 g Servings: 1- ½;Old fashioned Oats: ¾ cup; Water or Milk: 1- ½ cups; Salt (Optional): Dash. No. of 40 g Servings: 1; Old fashioned Oats: 1/2 cup; Water or Milk: 1 cup; Salt (Optional): Dash. Food Service Preparation: Direct Heat Method: In heavy saucepan, stir oats into briskly boiling salted water. Return to boil reduce heat simmer 1 minute, stirring occasionally transfer to steam table; cover. Serve immediately. Microwave Directions (Microwave ovens vary in power; cooking times may need to be adjusted). For 1 serving pour 1 cup water, 1/2 cup oats and a dash of salt (optional in quart microwave-safe container cook uncovered about 1 minute (1000 watt microwave oven stir well. Let stand until desired consistency Serving suggestion: try one of these: brown sugar, chopped nuts, raisins, preserves, strawberries, blueberries, dried fruit, yogurt, quaker simply granola, chocolate chips, honey or pearl milling company syrup. Home Preparation. Stove Top: 1. Stir oats into briskly boiling salted water 2. Cook 1 minute over medium heat, stirring occasionally. 3. Cover, remove from heat. Let stand until desired consistency. For creamier texture, combine oats and salt in cold water, bring to a boil: cook as directed. Microwave Directions (Microwave ovens vary in power; cooking times may need to be adjusted): 1. For 1 serving, combine water, salt and oats in 2 cup microwaveable cereal bowl 2. Microwave at high 1-1/2 to 2 minutes or until thickened. 3. Mix well before serving."
 Baking and cooking,Domino Premium Pure Cane Granulated Sugar,4 lb • $0.09/oz,$5.99 ,"http://95.217.130.223:9000/instacart-product-images/large_acd0e61e-672f-4ba5-b98b-38360a1bd8ed.png, http://95.217.130.223:9000/instacart-product-images/large_61a50c16-0b3a-46dd-bfb0-21b1471f9830.png, http://95.217.130.223:9000/instacart-product-images/large_0f4e9014-7ac4-4646-8cb5-819599257cc1.png",Please note this product is for 1 unit. Please see promotion to purchase case price.,"3 Delicious & Easy Ways for Sweetness Made Simple: Honey flavored granules are free-flowing cane sugar and honey crystals for a neat way to add a sweet honey taste to tea, cereal or recipes. The Beverage Sugar: A quick dissolve, superfine sugar for fast and even sweetness in hot or cold drinks. The Topping Sugar: Delicious pourable brown sugar that doesn't harden; perfect for topping oatmeal, cereal or yogurt."
 Baking and cooking,Supremo Italiano Original Balsamic Glaze,12.9 oz • $0.62/oz,$7.99 ,http://95.217.130.223:9000/instacart-product-images/large_1bb3d21e-006b-46ae-818d-47cf73d02590.jpg,Please note this product is for 1 unit. Please see promotion to purchase case price.,-
 Baking and cooking,"Morton Salt, Iodized",26 oz • $0.14/oz,$3.69 ,"http://95.217.130.223:9000/instacart-product-images/large_4ea5bbdd-5a1e-4fa8-b0e7-df2a46bdafbb.png, http://95.217.130.223:9000/instacart-product-images/large_94eac438-a9d3-4484-a401-179d64817559.png, http://95.217.130.223:9000/instacart-product-images/large_afee1ce0-6275-42bb-a652-b8ea97cd15cd.png",Please note this product is for 1 unit. Please see promotion to purchase case price.,Open here.
 Baking and cooking,Clabber Girl Corn Starch,3 lb • $0.17/oz,$7.99 ,http://95.217.130.223:9000/instacart-product-images/large_2f32ea39-35b9-4ee3-98fd-3bab2a6f01d6.jpg,Please note this product is for 1 unit. Please see promotion to purchase case price.,-
 Baking and cooking,Morton Salt,26 oz • $0.14/oz,$3.69 ,"http://95.217.130.223:9000/instacart-product-images/large_f1ae13c6-ad12-4d00-8942-633defd4a32d.png, http://95.217.130.223:9000/instacart-product-images/large_9b7b1e0e-fc76-4eac-9d40-8e2c8a629230.png, http://95.217.130.223:9000/instacart-product-images/large_e7f91701-73b3-464d-a400-f58a666173ea.png",Please note this product is for 1 unit. Please see promotion to purchase case price.,Open here.
 Baking and cooking,Chef's Quality All Purpose Oil Pan Spray,17 oz • 6 x 17 oz,$6.99 ,http://95.217.130.223:9000/instacart-product-images/large_d115f1d9-df7c-49a2-9164-73f38b0e22e2.jpg,Please note this product is for 1 unit. Please see promotion to purchase case price.,-
 Baking and cooking,Chef's Quality 5% Acidity Distilled White Vinegar,1 gal • $0.04/fl oz,$4.99 ,http://95.217.130.223:9000/instacart-product-images/large_7ce9abfa-e3e1-4d12-8ca3-1fcfdf1c7fcf.jpg,Please note this product is for 1 unit. Please see promotion to purchase case price.,-
 Baking and cooking,Chef's Quality Wildflower Honey,5 lb • $0.19/oz,$14.99 ,http://95.217.130.223:9000/instacart-product-images/large_a5c15e93-cdaf-4103-838b-69f837b36311.jpg,Please note this product is for 1 unit. Please see promotion to purchase case price.,-
 Baking and cooking,Chef's Quality Ground Black Pepper,16 oz • $0.62/oz,$9.99 ,http://95.217.130.223:9000/instacart-product-images/large_851c21d3-882c-483a-a00e-5c5bfae71eb4.png,Please note this product is for 1 unit. Please see promotion to purchase case price.,-
 Baking and cooking,Sabor Nuestro CREAM OF COCNUT SN 24/13Z,15 oz • 24 x 15 oz,$3.59 ,http://95.217.130.223:9000/instacart-product-images/large_7f416e27-7be9-4941-9ab4-712d0bbe49fe.png,Please note this product is for 1 unit. Please see promotion to purchase case price.,-
 Baking and cooking,"4C Foods Bread Crumbs, with Pecorino Romano Cheese, Seasoned",46 oz • $0.13/oz,$5.99 ,http://95.217.130.223:9000/instacart-product-images/large_c59e4e94-4f44-4d8b-a13a-2d8ca38bf13b.png,Please note this product is for 1 unit. Please see promotion to purchase case price.,-
 Baking and cooking,Log Cabin Original Pancake Syrup,1 gal • $0.11/fl oz,$13.99 ,"http://95.217.130.223:9000/instacart-product-images/large_d21625ff-bedd-4340-bab8-8844078ac8c2.jpeg, http://95.217.130.223:9000/instacart-product-images/large_4d84d6e4-15a4-4056-8fea-d752b394c2cf.jpeg, http://95.217.130.223:9000/instacart-product-images/large_d3bafdea-544e-48f5-8bc5-fdaf5f7895cc.jpeg",Please note this product is for 1 unit. Please see promotion to purchase case price.,Refrigeration not required.
 Baking and cooking,Clabber Girl Baking Soda,5 lb • $0.10/oz,$7.99 ,http://95.217.130.223:9000/instacart-product-images/large_2e81b11b-0083-4142-bec3-19fdc2e43e0f.jpg,Please note this product is for 1 unit. Please see promotion to purchase case price.,-
 Baking and cooking,Supremo Italiano Extra Virgin Olive Oil,3 L • $1.33/100ml,$39.99 ,http://95.217.130.223:9000/instacart-product-images/large_1bf059b3-8da1-49e8-89ca-58ea7fcad84e.jpg,Please note this product is for 1 unit. Please see promotion to purchase case price.,-
 Baking and cooking,Chef's Quality Zero Trans Fat Clear Canola Fry Oil,35 lb • $0.05/oz,$29.99 ,http://95.217.130.223:9000/instacart-product-images/large_9ffc1dae-f6ae-47b1-a3e3-e284c6a0b20e.png,-,-
 Baking and cooking,Chef's Quality Onion Powder,19 oz • $0.53/oz,$9.99 ,http://95.217.130.223:9000/instacart-product-images/large_9e63dbdd-97ec-4f63-a141-d92779305ac2.png,Please note this product is for 1 unit. Please see promotion to purchase case price.,-
 Baking and cooking,Pd Dry Cilantro Root,1 each,$19.99 ,http://95.217.130.223:9000/instacart-product-images/large_e176e159-0f26-48a6-af19-e60fffbc985a.jpg,-,-
 Baking and cooking,Spur Tree Jamaican Jerk Seasoning,1 kg • $0.90/100g,$8.99 ,http://95.217.130.223:9000/instacart-product-images/large_1f3f3dba-8aae-493f-87cd-21262f329f92.jpg,Please note this product is for 1 unit. Please see promotion to purchase case price.,-
 Baking and cooking,"Lapaco 6"" x 2"" x 1"" Baking Cup",1 each,$12.99 ,http://95.217.130.223:9000/instacart-product-images/large_f20eb8f6-6344-4bc1-9f0a-d16c69e2a7fa.jpg,Please note this product is for 1 unit. Please see promotion to purchase case price.,-
 Baking and cooking,McCormick® Vegetable Seasoning,20 oz • $0.80/oz,$15.99 ,"http://95.217.130.223:9000/instacart-product-images/large_4059f097-717e-4d81-af14-39492857c3e0.jpg, http://95.217.130.223:9000/instacart-product-images/large_68c54dd8-dd36-496e-8821-efc128338a02.jpg, http://95.217.130.223:9000/instacart-product-images/large_c3584464-e0df-4939-8be9-d0bfc30b1615.jpg",Please note this product is for 1 unit. Please see promotion to purchase case price.,-
 Baking and cooking,Heinz All Natural Distilled White Vinegar,1 gal • $0.06/fl oz,$7.99 ,"http://95.217.130.223:9000/instacart-product-images/large_4f99682f-b53b-4963-b335-b66683d23d42.jpg, http://95.217.130.223:9000/instacart-product-images/large_15545449-98f0-4875-90d4-9be5b24ab3e5.jpg, http://95.217.130.223:9000/instacart-product-images/large_85d4fc5c-176f-4cfe-b68c-93a978b9911b.jpg",Please note this product is for 1 unit. Please see promotion to purchase case price.,Ready to eat
 Baking and cooking,Strawberry Syrup,1 each,$14.99 ,http://95.217.130.223:9000/instacart-product-images/large_22366b0e-aefc-48a9-8797-f64d9fd50234.jpg,Please note this product is for 1 unit. Please see promotion to purchase case price.,-
 Baking and cooking,Chef's Quality Apple Cider Vinegar,1 gal • $0.05/fl oz,$5.99 ,http://95.217.130.223:9000/instacart-product-images/large_230cb937-098d-47be-9e15-418160ad51b7.png,Please note this product is for 1 unit. Please see promotion to purchase case price.,-
 Baking and cooking,Chef's Quality Sweet Honey Blend,5 lb • 6 x 5 lb,$9.99 ,http://95.217.130.223:9000/instacart-product-images/large_063cf04e-c454-4037-ad85-bf1c0b9cc515.jpg,Please note this product is for 1 unit. Please see promotion to purchase case price.,-
 Baking and cooking,"Kellogg's Corn Flakes Crumbs, 8 Vitamins and Minerals, Original",21 oz • $0.19/oz,$3.99 ,"http://95.217.130.223:9000/instacart-product-images/large_8a6bd814-a8da-45bc-8fe3-ebd5db6a25cf.jpg, http://95.217.130.223:9000/instacart-product-images/large_6182ed0a-4970-4024-8fdf-3c452459c8ef.jpg, http://95.217.130.223:9000/instacart-product-images/large_56a4a52d-1fb9-4098-9862-9c8ffd364d28.jpg",Please note this product is for 1 unit. Please see promotion to purchase case price.,Ready to Eat
 Baking and cooking,"Crisco Anti-Stick Spray, Pan Release",17 oz • $0.53/oz,$8.99 ,http://95.217.130.223:9000/instacart-product-images/large_c1e20c43-7ae9-4fdd-b045-f60aab9c2da5.png,Please note this product is for 1 unit. Please see promotion to purchase case price.,Directions: 1. Shake well. 2. Hold can 6 to 12 inches from cookware or food. 3. Do not spray into or near open flames.
 Baking and cooking,Chef's Quality Granulated Onion,5 lb • $0.37/oz,$29.99 ,http://95.217.130.223:9000/instacart-product-images/large_6beb3ecb-e744-4b12-ae53-b55121448eb6.png,Please note this product is for 1 unit. Please see promotion to purchase case price.,-
 Baking and cooking,Globe Apple Filling,7 lb • $0.14/oz,$15.99 ,"http://95.217.130.223:9000/instacart-product-images/large_c3cdcc93-f373-48f1-85bb-df2ff33105be.jpeg, http://95.217.130.223:9000/instacart-product-images/large_bb2e5a21-1c68-4370-881e-db7ef3655b5d.jpeg, http://95.217.130.223:9000/instacart-product-images/large_77ea81da-01de-48a7-a037-14527c04ad8f.jpeg",Please note this product is for 1 unit. Please see promotion to purchase case price.,-
 Baking and cooking,Chef's Quality Ground Ginger,1 lb • $0.62/oz,$9.99 ,http://95.217.130.223:9000/instacart-product-images/large_c80345be-76c7-4435-a930-39cedaebe9d3.png,Please note this product is for 1 unit. Please see promotion to purchase case price.,-
 Baking and cooking,"Regina Red Wine Vinegar, Fine",128 fl oz • $0.11/fl oz,$13.99 ,"http://95.217.130.223:9000/instacart-product-images/large_b71a0be0-4902-4b1c-8d57-42c227f7b9f8.png, http://95.217.130.223:9000/instacart-product-images/large_21102fa9-3a76-4eea-bc18-3e848db723f5.png, http://95.217.130.223:9000/instacart-product-images/large_94aa1b17-d8ba-4f77-9724-1ec74bfa85c7.png",Please note this product is for 1 unit. Please see promotion to purchase case price.,-
 Baking and cooking,Domino Premium Pure Cane Dark Brown Sugar,1 lb • $0.19/oz,$2.99 ,"http://95.217.130.223:9000/instacart-product-images/large_ea369c51-2399-4d3f-983e-b8ae039723c4.png, http://95.217.130.223:9000/instacart-product-images/large_23993d41-0b1b-4b52-9fb2-5f75a51347bf.png, http://95.217.130.223:9000/instacart-product-images/large_0ac44bd0-080d-4b95-b9ad-0921732d120e.png",Please note this product is for 1 unit. Please see promotion to purchase case price.,"To retain moistness, soft brown sugar is best kept stored in an airtight container away from light and heat."
 Baking and cooking,Chef's Quality Garlic Powder,5 lb • $0.42/oz,$33.99 ,http://95.217.130.223:9000/instacart-product-images/large_afb1ced8-9830-4c4e-aea4-992ece2cc09a.jpg,Please note this product is for 1 unit. Please see promotion to purchase case price.,-
 Baking and cooking,Goya Adobo Without Pepper All Purpose Seasoning,28 oz • $0.21/oz,$5.99 ,http://95.217.130.223:9000/instacart-product-images/large_da9e3022-9d9a-486d-b025-66f9de9189d6.jpeg,Please note this product is for 1 unit. Please see promotion to purchase case price.,-
 Baking and cooking,Pillsbury Baked Biscuits Buttermilk,2.25 oz • 24 x 2.25 oz,$12.99 ,http://95.217.130.223:9000/instacart-product-images/large_52ac045b-e33a-422e-830e-0221a9a32be8.jpg,Please note this product is for 1 unit. Please see promotion to purchase case price.,-
 Baking and cooking,Hershey's Creme Premier White Chips,5 lb • $0.31/oz,$24.99 ,http://95.217.130.223:9000/instacart-product-images/large_cc4bae3f-b971-49c1-9025-5c8245f77d01.jpg,Please note this product is for 1 unit. Please see promotion to purchase case price.,-
 Baking and cooking,Chef's Quality Ground Cumin,5 lb • $0.46/oz,$36.99 ,http://95.217.130.223:9000/instacart-product-images/large_6126c183-dd0d-4bc6-99a1-481368a09da5.png,Please note this product is for 1 unit. Please see promotion to purchase case price.,-
 Baking and cooking,Chef's Quality Granulated Garlic,2 oz • $5.00/oz,$9.99 ,http://95.217.130.223:9000/instacart-product-images/large_1f90034c-1942-4785-8b7e-d91bdf04bca5.jpg,Please note this product is for 1 unit. Please see promotion to purchase case price.,-
 Baking and cooking,Chef's Quality Parsley Flakes,12 oz • $1.08/oz,$12.99 ,http://95.217.130.223:9000/instacart-product-images/large_949ec977-6f62-4e29-98b6-f877c175e161.png,Please note this product is for 1 unit. Please see promotion to purchase case price.,-
 Milk,RXBAR Coconut Milk,98 fl oz • $0.14/fl oz,$13.99 ,http://95.217.130.223:9000/instacart-product-images/large_2e295f28-116f-476c-84d5-242cbd5ca8ac.jpg,Please note this product is for 1 unit. Please see promotion to purchase case price.,-
 Milk,Clover Organic Farms Whole Milk,128 oz • $0.04/oz,$4.99 ,http://95.217.130.223:9000/instacart-product-images/large_77cb8136-fdbd-4e06-97d3-1341bcdff04d.jpg,Please note this product is for 1 unit. Please see promotion to purchase case price.,-
 Milk,Clover Organic Farms 2% Milk,128 fl oz • $0.04/fl oz,$4.69 ,http://95.217.130.223:9000/instacart-product-images/large_20043d59-642b-49b8-972a-1bd92a48f2d6.png,Please note this product is for 1 unit. Please see promotion to purchase case price.,-
 Milk,Silk Shelf-Stable Original Soy Milk,32 fl oz • 6 x 32 fl oz,$15.99 ,"http://95.217.130.223:9000/instacart-product-images/large_642e11d7-bbec-48cf-9b38-f9111b767e92.jpg, http://95.217.130.223:9000/instacart-product-images/large_76034f83-9aac-486f-b57d-df0be79233a6.jpg, http://95.217.130.223:9000/instacart-product-images/large_afb4c88d-f46a-46d2-9c04-bd2f2e619590.jpg","Bring the creamy goodness of Soymilk to your pantry with Silk Shelf-Stable Original Soymilk. Made with whole-harvested soybeans, this plain Soymilk offers great taste anywhere you typically enjoy dairy milk--over your cereal, in your coffee, or simply by itself. It makes a perfect non-dairy alternative to milk, and is totally free of dairy, lactose, carrageenan, gluten, casein, egg, peanut, and MSG. A powerhouse of nutritional goodness, Silk Soymilk contains 50% more calcium than dairy milk* and is a good source of heart-healthy soy protein.** And since it comes in special, shelf-stable packaging, this plain Soymilk will keep fresh at room temperature, unopened, until the date code: no refrigeration necessary! , , *Silk Original Soymilk: 450mg of calcium per cup; reduced fat dairy milk: 293mg of calcium per cup. USDA National Nutrient Database for Standard Reference. Data consistent with typical reduced fat dairy milk. , , **In a diet low in saturated fat and cholesterol, 25 grams of soy protein per day may reduce the risk of heart disease. A serving of Silk Original Soymilk has 6.25 grams.,  • Shelf-stable Soymilk with original flavor,  • Low in saturated fat, with no cholesterol,  • Provides protein and 50% more calcium than dairy milk,  • Vegan,  • Non-GMO Project Verified,  • Free of dairy, lactose, casein, gluten, egg, peanut, carrageenan, and MSG,  • Pack of 6","Shake well., Must be refrigerated., Stays fresh 7–10 days after opening."
 Milk,JAMES FARM BUTTER MILK 12/32Z,32 z,$2.79 ,http://95.217.130.223:9000/instacart-product-images/large_9ce4c9b8-f533-44bf-9366-15f2271c254d.jpg,Please note this product is for 1 unit. Please see promotion to purchase case price.,-
 Milk,Byrne Hollow Farm Organic Whole Milk,1.89 L • $0.30/100ml,$5.59 ,http://95.217.130.223:9000/instacart-product-images/large_0df849db-a807-4621-9f7e-d2a68577dea0.jpg,Please note this product is for 1 unit. Please see promotion to purchase case price.,-
 Milk,Almond Breeze Original Almondmilk,1.89 L • $0.26/100ml,$4.99 ,http://95.217.130.223:9000/instacart-product-images/large_cd5124d3-43b9-4291-bf9d-4ffb8f422533.jpg,Please note this product is for 1 unit. Please see promotion to purchase case price.,Shake well.
 Milk,Planet Oat Vanilla Oatmilk,52 fl oz • $0.08/fl oz,$3.99 ,"http://95.217.130.223:9000/instacart-product-images/large_f46339da-2a47-48fd-a5c2-9aededd5cf28.jpg, http://95.217.130.223:9000/instacart-product-images/large_9b5389f4-69b1-4381-b894-8468f0186345.jpg, http://95.217.130.223:9000/instacart-product-images/large_22543925-d3cf-4014-b9c1-e7b97eae61dc.jpg",Please note this product is for 1 unit. Please see promotion to purchase case price.,Shake well.
 Milk,Planet Oat Vanilla Oatmilk,52 fl oz • $0.08/fl oz,$3.99 ,"http://95.217.130.223:9000/instacart-product-images/large_f46339da-2a47-48fd-a5c2-9aededd5cf28.jpg, http://95.217.130.223:9000/instacart-product-images/large_9b5389f4-69b1-4381-b894-8468f0186345.jpg, http://95.217.130.223:9000/instacart-product-images/large_22543925-d3cf-4014-b9c1-e7b97eae61dc.jpg",Please note this product is for 1 unit. Please see promotion to purchase case price.,Shake well.
 Milk,Planet Oat Original Oatmilk,52 fl oz • $0.08/fl oz,$3.99 ,"http://95.217.130.223:9000/instacart-product-images/large_b261f8f4-ed76-477a-a6bf-7fb44f2e16d0.jpg, http://95.217.130.223:9000/instacart-product-images/large_50475850-42e9-402b-abcd-263785e680db.jpg, http://95.217.130.223:9000/instacart-product-images/large_3f9c7248-1b5d-405f-b1fc-d898f080094c.jpg",Please note this product is for 1 unit. Please see promotion to purchase case price.,Shake well.
 Milk,Lactaid Whole Milk,0.5 gal • $0.08/fl oz,$4.99 ,"http://95.217.130.223:9000/instacart-product-images/large_c5f4fc93-e04b-44de-9dbe-fa5210b67559.jpg, http://95.217.130.223:9000/instacart-product-images/large_054a7621-d611-48f2-8645-dc86e68316de.jpg, http://95.217.130.223:9000/instacart-product-images/large_ff31b24e-5828-4a68-afe6-ac9ec1389fcb.jpg",Please note this product is for 1 unit. Please see promotion to purchase case price.,Shake well before serving.
 Milk,Planet Oat Original Oatmilk,52 fl oz • $0.08/fl oz,$3.99 ,"http://95.217.130.223:9000/instacart-product-images/large_b261f8f4-ed76-477a-a6bf-7fb44f2e16d0.jpg, http://95.217.130.223:9000/instacart-product-images/large_50475850-42e9-402b-abcd-263785e680db.jpg, http://95.217.130.223:9000/instacart-product-images/large_3f9c7248-1b5d-405f-b1fc-d898f080094c.jpg",Please note this product is for 1 unit. Please see promotion to purchase case price.,Shake well.
 Milk,Yoo-hoo Chocolate Drink,11 oz • 24 x 11 oz,$16.99 ,http://95.217.130.223:9000/instacart-product-images/large_fb5cc325-5ade-4dcb-a785-c5f674fc9b37.png,-,-
 Milk,Clover Organic Farms Fresh Taste Local Farms Chocolate Milk in Plastic Bottle,16 oz • $0.50/oz,$7.99 ,http://95.217.130.223:9000/instacart-product-images/large_39bd95be-3a82-4f4f-8b48-208a64885e20.jpg,-,-
 Milk,Yoo-hoo Chocolate Drink,16 fl oz • 24 x 16 fl oz,$29.99 ,http://95.217.130.223:9000/instacart-product-images/large_1b37d7ba-ab91-448b-b82c-b657b76e726f.png,-,-
 Milk,Lactaid Whole Milk,0.5 gal • $0.08/fl oz,$4.99 ,"http://95.217.130.223:9000/instacart-product-images/large_c5f4fc93-e04b-44de-9dbe-fa5210b67559.jpg, http://95.217.130.223:9000/instacart-product-images/large_054a7621-d611-48f2-8645-dc86e68316de.jpg, http://95.217.130.223:9000/instacart-product-images/large_ff31b24e-5828-4a68-afe6-ac9ec1389fcb.jpg",Please note this product is for 1 unit. Please see promotion to purchase case price.,Shake well before serving.
 Milk,Clover Organic Farms 1/2 Gallon Milk,64 oz • $0.05/oz,$2.99 ,http://95.217.130.223:9000/instacart-product-images/large_fa51eead-b82c-4f4c-91db-ebdfd5f7d458.png,Please note this product is for 1 unit. Please see promotion to purchase case price.,-
 Milk,Clover Organic Farms 1/2 Gallon Skim Milk,0.5 gal • $0.04/fl oz,$2.59 ,http://95.217.130.223:9000/instacart-product-images/large_7f291af1-191e-405c-a0a4-a82d2b44bc40.png,Please note this product is for 1 unit. Please see promotion to purchase case price.,-
 Milk,Nestlé NESQUIK Chocolate Beverage RTD x,14 fl oz • $2.00/fl oz,$27.99 ,"http://95.217.130.223:9000/instacart-product-images/large_3c1952f0-a3c7-49bf-8bbb-c9af3d4ac1ac.jpg, http://95.217.130.223:9000/instacart-product-images/large_4ed7f042-e053-481e-bc38-0cab38710dd7.jpg, http://95.217.130.223:9000/instacart-product-images/large_0909548d-0dbd-4c42-b3ab-2927855a111e.jpg",-,-
 Milk,Clover Sonoma Coconut Milk,13.5 fl oz • $2.22/fl oz,$29.99 ,http://95.217.130.223:9000/instacart-product-images/large_6acf53a4-b8c4-4a7a-b83b-26157254664e.png,-,-
 Milk,James Farm Original Unsweet Almond Milk,64 fl oz • 6 x 64 fl oz,$2.99 ,http://95.217.130.223:9000/instacart-product-images/large_bc3a37aa-ef4a-4584-a3e4-9b39cb36025b.png,Please note this product is for 1 unit. Please see promotion to purchase case price.,-
 Milk,Silk Shelf-Stable Original Soy Milk,32 fl oz • 6 x 32 fl oz,$15.99 ,"http://95.217.130.223:9000/instacart-product-images/large_642e11d7-bbec-48cf-9b38-f9111b767e92.jpg, http://95.217.130.223:9000/instacart-product-images/large_76034f83-9aac-486f-b57d-df0be79233a6.jpg, http://95.217.130.223:9000/instacart-product-images/large_afb4c88d-f46a-46d2-9c04-bd2f2e619590.jpg","Bring the creamy goodness of Soymilk to your pantry with Silk Shelf-Stable Original Soymilk. Made with whole-harvested soybeans, this plain Soymilk offers great taste anywhere you typically enjoy dairy milk--over your cereal, in your coffee, or simply by itself. It makes a perfect non-dairy alternative to milk, and is totally free of dairy, lactose, carrageenan, gluten, casein, egg, peanut, and MSG. A powerhouse of nutritional goodness, Silk Soymilk contains 50% more calcium than dairy milk* and is a good source of heart-healthy soy protein.** And since it comes in special, shelf-stable packaging, this plain Soymilk will keep fresh at room temperature, unopened, until the date code: no refrigeration necessary! , , *Silk Original Soymilk: 450mg of calcium per cup; reduced fat dairy milk: 293mg of calcium per cup. USDA National Nutrient Database for Standard Reference. Data consistent with typical reduced fat dairy milk. , , **In a diet low in saturated fat and cholesterol, 25 grams of soy protein per day may reduce the risk of heart disease. A serving of Silk Original Soymilk has 6.25 grams.,  • Shelf-stable Soymilk with original flavor,  • Low in saturated fat, with no cholesterol,  • Provides protein and 50% more calcium than dairy milk,  • Vegan,  • Non-GMO Project Verified,  • Free of dairy, lactose, casein, gluten, egg, peanut, carrageenan, and MSG,  • Pack of 6","Shake well., Must be refrigerated., Stays fresh 7–10 days after opening."
 Milk,James Farm Original Almond Milk,64 fl oz • 6 x 64 fl oz,$3.59 ,http://95.217.130.223:9000/instacart-product-images/large_f261ae46-9177-4399-be06-af8a1d812c5d.png,Please note this product is for 1 unit. Please see promotion to purchase case price.,-
 Milk,Nestlé NESQUIK Ready to Drink Banana Strawberry Milk,14 fl oz • $1.86/fl oz,$25.99 ,http://95.217.130.223:9000/instacart-product-images/large_b51a2cc2-f3fa-4b9a-9dda-60b1c1534a6f.png,-,-
 Milk,Nestlé NESQUIK Beverage RTD Strawberry,14 fl oz • $1.86/fl oz,$25.99 ,"http://95.217.130.223:9000/instacart-product-images/large_4bd1ad72-4de8-4f58-b03c-01482d3beba6.jpg, http://95.217.130.223:9000/instacart-product-images/large_0984155d-5174-4367-8465-34aea0d12fb8.jpg, http://95.217.130.223:9000/instacart-product-images/large_13f219b5-4c8d-4b45-aec9-d24cddb78fa8.jpg",-,-
 Milk,Nestlé NESQUIK Low Fat 1% Milk Double Chocolate,14 oz • $1.86/oz,$25.99 ,http://95.217.130.223:9000/instacart-product-images/large_d26a745c-b192-4d82-afe1-5a431e272549.png,-,-
 Milk,Clover Organic Farms 1/2 Gallon 2% Milk,64 oz • $0.05/oz,$2.99 ,http://95.217.130.223:9000/instacart-product-images/large_1d0de93e-1118-4ee1-aea4-95d9adf64a6e.png,Please note this product is for 1 unit. Please see promotion to purchase case price.,-
 Milk,Almond Breeze Unsweetened Original Almondmilk Non Dairy Milk Alternative,64 fl oz • $0.08/fl oz,$4.99 ,"http://95.217.130.223:9000/instacart-product-images/large_da08b082-b406-420d-b9d8-ca6b8dd49e01.jpg, http://95.217.130.223:9000/instacart-product-images/large_2b4cea35-8de3-43c2-9568-af897c63bbf7.jpg, http://95.217.130.223:9000/instacart-product-images/large_67dbc1aa-9638-4ad6-9791-1c9dded2413d.jpg",Please note this product is for 1 unit. Please see promotion to purchase case price.,Shake well.
 Milk,Almond Breeze Vanilla Almondmilk,64 fl oz • $0.08/fl oz,$4.99 ,"http://95.217.130.223:9000/instacart-product-images/large_40914d89-ca5f-4582-a979-4643d1db92a7.jpg, http://95.217.130.223:9000/instacart-product-images/large_ff88aa59-c6de-4ded-becb-163ea5e5184c.jpg, http://95.217.130.223:9000/instacart-product-images/large_1b417ff2-a5c3-408a-b0a2-d4866b8dabce.jpg",Please note this product is for 1 unit. Please see promotion to purchase case price.,Shake well.
 Milk,Almond Breeze Unsweetened Vanilla Almondmilk,64 fl oz • $0.08/fl oz,$4.99 ,http://95.217.130.223:9000/instacart-product-images/large_f31f967e-876a-40ec-a00a-a6463eb5e233.jpg,Please note this product is for 1 unit. Please see promotion to purchase case price.,Shake well.
 Milk,Clover Organic Farms Homogenized Vitamin D Milk,16 oz • $0.44/oz,$6.99 ,http://95.217.130.223:9000/instacart-product-images/large_effffe87-7f76-4595-be4d-80043ad2c6a0.jpg,-,-
 Ready meals,Vegetable Spring Rolls,1.5 oz • 20 x 1.5 oz,$2.99 ,http://95.217.130.223:9000/instacart-product-images/large_b5884c0e-40f7-40ee-a4a8-8175d6633bb9.jpg,Please note this product is for 1 unit. Please see promotion to purchase case price.,-
 Ready meals,Chef's Quality Three Bean Salad,10 lb • $0.06/oz,$9.99 ,http://95.217.130.223:9000/instacart-product-images/large_18246b85-582a-4bd2-ae35-db94ffd11438.jpg,Please note this product is for 1 unit. Please see promotion to purchase case price.,-
 Ready meals,Small Premium Diced Carne Picada Beef,About 5.0 lb each • $6.99 / lb (About 5.0 lb each)Final cost by weight,$34.95 each (est.),http://95.217.130.223:9000/instacart-product-images/large_aacb8f06-acd4-4692-85ae-ce26e213be0e.jpg,-,-
 Ready meals,Blount Fine Foods Butternut Squash & Apple Soup,4 lb • 2 x 4 lb,$32.99 ,http://95.217.130.223:9000/instacart-product-images/large_ae3f7055-7a11-45c8-879c-92ee2bde635c.jpg,-,-
 Ready meals,Blount Roasted Vegetable Soup,4 lb • 2 x 4 lb,$29.99 ,http://95.217.130.223:9000/instacart-product-images/large_5412d329-a987-475c-a495-16b64841099e.jpg,-,-
 Ready meals,Major Caldo de Pollo,2 lb • $0.28/oz,$8.99 ,http://95.217.130.223:9000/instacart-product-images/missing-item-4bbe82b8555e4d1c12626fd482cb2409713e8e30835645ff3650ef66a725d03c.png,Please note this product is for 1 unit. Please see promotion to purchase case price.,-
 Ready meals,Sally Sherman Ss Coleslaw,30 lb • $0.15/oz,$69.99 ,http://95.217.130.223:9000/instacart-product-images/large_1803a95d-15e7-4604-a373-d1d04620857d.png,-,-
 Ready meals,Elena's Handmade Meat Rice Balls,4 oz • 24 x 4 oz,$36.99 ,http://95.217.130.223:9000/instacart-product-images/large_5274db2a-4c39-4c4a-8680-d9181d531431.jpg,-,-
 Ready meals,Blount Homestyle Chicken Noodle Soup,4 lb • 2 x 4 lb,$29.99 ,http://95.217.130.223:9000/instacart-product-images/large_d97f2960-5556-42c6-96a5-e2dfdce535ca.jpg,-,-
 Ready meals,Sally Sherman Foods Tuna Salad,1 lb • $1.87/oz,$29.99 ,http://95.217.130.223:9000/instacart-product-images/large_e228bc59-bf5d-4f73-a26b-41e41ac6adfc.png,Please note this product is for 1 unit. Please see promotion to purchase case price.,-
 Ready meals,"Sunset 2.25"" x 200' Thermal Paper Register Rolls",40 ct • $0.62 each,$24.99 ,http://95.217.130.223:9000/instacart-product-images/large_8e8b0ae2-ee16-484b-a613-106f8aafc955.jpg,Please note this product is for 1 unit. Please see promotion to purchase case price.,-
 Ready meals,Sally Sherman SS Macaroni Salad,30 lb • $0.15/oz,$69.99 ,http://95.217.130.223:9000/instacart-product-images/large_129571da-a76d-4145-9ff7-c6bf1201819a.png,-,-
 Ready meals,Blount Spicy Crab & Corn Bisque Soup,4 lb • 2 x 4 lb,$33.99 ,http://95.217.130.223:9000/instacart-product-images/large_30f3ce72-b7a5-4a11-90b1-c5ceb94d7ae5.jpg,-,-
 Ready meals,Papetti's Hard Cooked Eggs,25 lb • $0.17/oz,$67.99 ,http://95.217.130.223:9000/instacart-product-images/large_f5bc4604-1324-441b-bd3d-2400d0492776.jpeg,-,-
 Ready meals,Tower Isles Halal Unbaked Beef Patties,50 ct • $1.40 each,$69.99 ,http://95.217.130.223:9000/instacart-product-images/large_e80133c4-3d6d-423e-a3c8-2672caa2af3d.png,-,-
 Ready meals,Chef's Quality Vine Leaves Stuffed With Rice,4 lb • $0.16/oz,$9.99 ,http://95.217.130.223:9000/instacart-product-images/large_e9804a18-d4ad-4bd7-83dc-5cdfcf2a5239.png,Please note this product is for 1 unit. Please see promotion to purchase case price.,-
 Ready meals,Big C Battered Mac & Cheese Wedge,6 lb • $0.31/oz,$29.99 ,http://95.217.130.223:9000/instacart-product-images/large_c2d91b33-7fcd-49d1-a020-c02778accd6e.png,-,-
 Ready meals,Supremo Italiano Spinach & Garlic Ravioli,2.5 lb • 2 x 2.5 lb,$19.99 ,http://95.217.130.223:9000/instacart-product-images/large_bf910334-1ae8-4c21-831d-4460392deeba.jpg,-,-
 Ready meals,Elena's Frozen Meat Lasagna Tray,6 lb • $0.31/oz,$29.99 ,http://95.217.130.223:9000/instacart-product-images/large_4fade173-9e28-4e72-a43c-a240ca9fa7a8.png,Please note this product is for 1 unit. Please see promotion to purchase case price.,-
 Ready meals,Chicken Empanadas,1 each,$22.99 ,http://95.217.130.223:9000/instacart-product-images/large_8246f1eb-2769-49f6-922e-706e9df6137a.jpg,-,-
 Ready meals,Corcel Olives Salad,1 gal • $0.10/fl oz,$12.99 ,http://95.217.130.223:9000/instacart-product-images/large_884d9854-f79e-4340-9589-35edce6eb856.jpg,Please note this product is for 1 unit. Please see promotion to purchase case price.,-
 Ready meals,Boar's Head Taylor Pork Roll,16 oz • $0.56/oz,$8.99 ,http://95.217.130.223:9000/instacart-product-images/large_cd8cc152-3d93-4b02-8f98-364235c2f467.png,Please note this product is for 1 unit. Please see promotion to purchase case price.,-
 Ready meals,Quality Beef Steak for Sandwiches,10 lb • $0.37/oz,$59.99 ,http://95.217.130.223:9000/instacart-product-images/large_cf75873f-3647-4ab9-9ff5-13ee04eea0b6.png,-,-
 Ready meals,Stuffed Shells,1 each,$39.99 ,http://95.217.130.223:9000/instacart-product-images/large_2a851913-9442-46aa-bc56-59c499dcf612.png,-,-
 Ready meals,Catalina Yuca Rellena Stuffed Cassava With Beef & Pork,5 oz • 24 x 5 oz,$29.99 ,http://95.217.130.223:9000/instacart-product-images/large_11a2fd77-6503-4db8-bb64-0d3ad8431be3.jpg,-,-
 Ready meals,James Farm Hard Cooked Peeled Eggs,15 lb • 144 x 15 lb,$45.99 ,http://95.217.130.223:9000/instacart-product-images/large_a439cf77-7d83-450c-8e96-8446343cc352.png,-,-
 Ready meals,Buffet Patties,1 each,$24.99 ,http://95.217.130.223:9000/instacart-product-images/large_ade1fc62-3ea3-4ef0-ba4a-cbab9628de52.png,-,-
 Ready meals,Big C Battered Pickle Chips,6 lb • $0.28/oz,$26.99 ,http://95.217.130.223:9000/instacart-product-images/large_ed6a94ba-6c24-4f57-81cc-87ddf0b836f5.jpeg,-,-
 Ready meals,Philadelphia's Finest,1 each,$28.99 ,http://95.217.130.223:9000/instacart-product-images/large_acf8e048-745d-4375-ba14-f4868ad1b588.jpg,-,-
 Ready meals,Shrimp Spring Rolls,1 each,$11.99 ,http://95.217.130.223:9000/instacart-product-images/large_8052410f-4d45-4324-9b83-034b370b9fb9.png,Please note this product is for 1 unit. Please see promotion to purchase case price.,-
 Ready meals,Sally Sherman Foods Homestyle Potato Salad,10 lb • 2 x 10 lb,$29.99 ,http://95.217.130.223:9000/instacart-product-images/large_f69c0f10-f9c5-4d17-9e27-f39a57f14ccb.jpg,Please note this product is for 1 unit. Please see promotion to purchase case price.,-
 Ready meals,Beef Steak Sandwich Portions,10 lb • $0.37/oz,$59.99 ,http://95.217.130.223:9000/instacart-product-images/large_d4d4d61d-9090-4697-a382-a6f15915fb3e.png,-,-
 Ready meals,Dele Colombian Beef Empanadas,5 ct • $4.60 each,$22.99 ,http://95.217.130.223:9000/instacart-product-images/large_104e6c37-5bfb-4e35-bc2c-e1cc092bd80b.jpg,-,-
 Ready meals,Dele Colombian Cheese Empanadas,2.5 lb • 25 x 2.5 lb,$22.99 ,http://95.217.130.223:9000/instacart-product-images/large_33027cfb-3b65-47ad-9e09-1bf7db6ceb8a.jpg,-,-
 Ready meals,Elena's Handmade Breaded Eggplant Rollatini,12 ct • 3 ct,$42.99 ,http://95.217.130.223:9000/instacart-product-images/large_07dafb1e-e8af-4e96-9313-50e95d26ef96.jpg,-,-
 Ready meals,Blount Italian Wedding Soup,4 lb • 2 x 4 lb,$25.99 ,http://95.217.130.223:9000/instacart-product-images/large_28982c5c-f082-47b2-907a-f677e4c0d20a.jpg,-,-
 Condiments,Hunt's Ketchup,114 oz • $0.09/oz,$9.99 ,"http://95.217.130.223:9000/instacart-product-images/large_6c1863fa-c685-452c-ae6b-2d46a6b6c421.jpeg, http://95.217.130.223:9000/instacart-product-images/large_cf149c51-a95c-4126-a798-e674ced34ca7.jpg, http://95.217.130.223:9000/instacart-product-images/large_e472bffa-c554-439f-a481-264893ee3e43.jpg",Please note this product is for 1 unit. Please see promotion to purchase case price.,-
 Condiments,Sweet Baby Ray's Barbecue Sauce,1 gal • $0.12/fl oz,$15.99 ,"http://95.217.130.223:9000/instacart-product-images/large_b05ece22-a583-4b94-ab6f-50157edc9e17.png, http://95.217.130.223:9000/instacart-product-images/large_ef60aa88-86e9-48d3-b26e-ab1697840862.png, http://95.217.130.223:9000/instacart-product-images/large_afc817c2-01ec-493c-aded-651e05a13124.png",Please note this product is for 1 unit. Please see promotion to purchase case price.,"For best flavor, refrigerate after opening."
 Condiments,Sweet Baby Ray's Sweet Red Chili Wing Sauce & Glaze,64 fl oz • $0.23/fl oz,$14.99 ,http://95.217.130.223:9000/instacart-product-images/large_b606ef45-3c1d-4ebb-bb00-593e1530f22e.png,Please note this product is for 1 unit. Please see promotion to purchase case price.,-
 Condiments,Tabasco Original Red Pepper Sauce,5 oz • $0.80/oz,$3.99 ,http://95.217.130.223:9000/instacart-product-images/large_68269a99-f08e-4d14-9bf9-78068d05d03a.jpg,Please note this product is for 1 unit. Please see promotion to purchase case price.,Shake well.
 Condiments,"Mae Ploy Chilli Sauce, Sweet",25 fl oz • $0.20/fl oz,$4.99 ,http://95.217.130.223:9000/instacart-product-images/large_c5c56faa-42cf-4b7d-907a-eec135571dda.jpg,Please note this product is for 1 unit. Please see promotion to purchase case price.,"Direction to use: This delicious mild sweet chilli sauce is Gluten Free. It is an ideal dipping sauce with spring rolls, dim sims, fish cakes, nuggets and curry puff. Serve as a condiment with bbq's, roast chicken, beef, lamb or pork. Use as a spread in meat and salad roll or as ingredient for salad dressing. Choose gluten free accompaniments to dip if you require a gluten free diet., For best before date see lid."
 Condiments,Hellmann's Extra Heavy Mayonnaise,1 gal • $0.21/fl oz,$26.99 ,"http://95.217.130.223:9000/instacart-product-images/large_702049f8-dfce-4794-b82c-25d5afa6eabd.jpg, http://95.217.130.223:9000/instacart-product-images/large_1286ad6a-d10d-4881-b674-9133eabef676.jpg, http://95.217.130.223:9000/instacart-product-images/large_923d5a24-7c08-4ceb-87b6-ec9f2781763f.jpg",Please note this product is for 1 unit. Please see promotion to purchase case price.,"Refrigerate after opening. , Store in a cool place."
 Condiments,Sweet Baby Ray's Wing Sauce & Glaze,64 fl oz • $0.22/fl oz,$13.99 ,http://95.217.130.223:9000/instacart-product-images/large_369f0149-c3df-4f42-aebd-76f88f3c561e.png,Please note this product is for 1 unit. Please see promotion to purchase case price.,-
 Condiments,Tabasco Original Red Pepper Sauce,12 fl oz • $0.75/fl oz,$8.99 ,http://95.217.130.223:9000/instacart-product-images/large_c1841b61-1ade-4064-af11-564f68ed24fd.jpg,Please note this product is for 1 unit. Please see promotion to purchase case price.,"Shake some on and... make your pizza supreme. Dress up the dressing. Crack open the flavor., Shake well."
 Condiments,"Huy Fong Foods Chili Sauce, Hot, Sriracha",17 oz • $0.29/oz,$4.99 ,http://95.217.130.223:9000/instacart-product-images/large_4a8de9c5-31f8-447c-8e86-62fb9c964b97.jpg,Please note this product is for 1 unit. Please see promotion to purchase case price.,"Shake well., Store in cool dry place."
 Condiments,Nestle General Tso's Sauce,83.2 oz • $0.28/oz,$22.99 ,http://95.217.130.223:9000/instacart-product-images/large_becda7f2-a622-4adb-b0cb-8b84e71c8f4a.png,Please note this product is for 1 unit. Please see promotion to purchase case price.,Shake well. Refrigerate after opening.
 Condiments,Chef's Quality Cheddar Cheese Sauce,6 lb • 10 x 6 lb,$8.99 ,http://95.217.130.223:9000/instacart-product-images/large_03cf2fe3-85a3-4aeb-90fb-fc30cc1dfb86.png,Please note this product is for 1 unit. Please see promotion to purchase case price.,-
 Condiments,Tabasco Green Pepper Sauce,5 fl oz • $0.80/fl oz,$3.99 ,http://95.217.130.223:9000/instacart-product-images/large_a336a7d0-8d57-4a9b-a381-c8fe7760b15a.jpg,Please note this product is for 1 unit. Please see promotion to purchase case price.,Shake well.
 Condiments,Huy Fong Foods Hot Sriracha Chili Sauce,28 oz • $0.25/oz,$6.99 ,http://95.217.130.223:9000/instacart-product-images/large_fb892c34-01a6-448c-832a-1a9eb56b9cd0.jpg,Please note this product is for 1 unit. Please see promotion to purchase case price.,"Shake well., Store in cool dry place."
 Condiments,Panda Duck Sauce,1 gal • $0.08/fl oz,$9.99 ,http://95.217.130.223:9000/instacart-product-images/large_bc48338f-8041-4b4b-988b-e352048ed2c3.jpg,Please note this product is for 1 unit. Please see promotion to purchase case price.,-
 Condiments,Patriot Pickle Kosher Dill Pickle Spears Tub,5 gal • $0.06/fl oz,$36.99 ,http://95.217.130.223:9000/instacart-product-images/large_0aedb441-14a3-422a-a97f-da33fc07b8d9.png,-,-
 Condiments,"Kikkoman Marinade & Sauce, Teriyaki",1 gal • $0.17/fl oz,$21.99 ,"http://95.217.130.223:9000/instacart-product-images/large_968d72e2-9f33-4746-be65-17edc740b7d5.png, http://95.217.130.223:9000/instacart-product-images/large_04b5c579-f115-4ac9-9fc2-28e152caa615.png, http://95.217.130.223:9000/instacart-product-images/large_bd7f2bf8-50d9-4342-91d3-db0670beb9f9.png",Please note this product is for 1 unit. Please see promotion to purchase case price.,"Shake well before using., Suggested Uses: Chicken: Marinate chicken in enough kikkoman teriyaki sauce to cover, under refrigeration 1 to 2 hours, or overnight. Bake in marinade in moderate oven (350 degrees F), turning over and basting occasionally until done. Beef and Lamb: Marinate tender steaks or chops in kikkoman teriyaki sauce about 1/2 hour; less tender cuts for 1 to 2 hours overnight under refrigeration. Broil or grill to desired doneness. Heat marinade (do not boil) and spoon  over meat before serving. , Refrigerate after opening."
 Condiments,Sweet Baby Ray's Garlic Parmesan Wing Sauce,64 fl oz • $0.23/fl oz,$14.99 ,http://95.217.130.223:9000/instacart-product-images/large_0825e7c3-9396-42d4-907d-5129171d60bd.png,Please note this product is for 1 unit. Please see promotion to purchase case price.,-
 Condiments,"Spur Tree Jamaican Pepper Sauce, Crushed, Scotch Bonnet, Jamaican",5 fl oz • $0.72/fl oz,$3.59 ,http://95.217.130.223:9000/instacart-product-images/large_e6813854-98ff-436e-8c64-78a2d4243176.png,Please note this product is for 1 unit. Please see promotion to purchase case price.,"Shake well before use., Refrigerate after opening."
 Condiments,Cattlemen's® Carolina Tangy Gold™ BBQ Sauce,1 gal • $0.12/fl oz,$15.99 ,"http://95.217.130.223:9000/instacart-product-images/large_33aeb0d2-d228-4c2c-8881-41120e61ff59.jpg, http://95.217.130.223:9000/instacart-product-images/large_290ebd12-36a6-436c-bb0c-bc8dc703d05c.jpg, http://95.217.130.223:9000/instacart-product-images/large_ffd25fe1-c7fb-4a38-a5c5-fd27b071364f.jpg",Please note this product is for 1 unit. Please see promotion to purchase case price.,"Great on: Pork, chicken, wings, salmon, and salads."
 Condiments,Heinz Tomato Ketchup,114 oz • $0.14/oz,$15.99 ,"http://95.217.130.223:9000/instacart-product-images/large_703757cc-c7ed-4e6a-bb3c-f4e94bd8a730.jpg, http://95.217.130.223:9000/instacart-product-images/large_9c454473-2060-4c1e-9c8f-788d40ee2304.jpg, http://95.217.130.223:9000/instacart-product-images/large_ca24f38a-2c36-488e-b76e-b403f6ea9a9d.jpg",Please note this product is for 1 unit. Please see promotion to purchase case price.,See case packaging for more information about preparation and cooking suggestions
 Condiments,Thick & Chunky Medium Salsa,1 gal • $0.11/fl oz,$13.99 ,http://95.217.130.223:9000/instacart-product-images/large_d0533aba-d36d-4f0e-b35e-d02875a3c347.png,Please note this product is for 1 unit. Please see promotion to purchase case price.,"Shake well before using., Refrigerate after opening!, Best if used within 7–10 days after opening."
 Condiments,B&G Kosher Dill Pickles,3.78 L • $0.21/100ml,$7.99 ,"http://95.217.130.223:9000/instacart-product-images/large_99963c20-942a-47cc-93e4-e9fb59ba1336.png, http://95.217.130.223:9000/instacart-product-images/large_a1fa3454-24d6-4e78-9fdb-30437c4836b6.png, http://95.217.130.223:9000/instacart-product-images/large_1be267dd-0643-453c-9897-e001ee435d18.png",Please note this product is for 1 unit. Please see promotion to purchase case price.,"For best results, chill before serving."
 Condiments,Heinz Tomato Ketchup,44 oz • 3 x 44 oz,$13.99 ,"http://95.217.130.223:9000/instacart-product-images/large_9ed65469-b013-4337-a3dd-013567095efb.jpg, http://95.217.130.223:9000/instacart-product-images/large_71d191d1-f6a1-42a0-b3db-09c5c52c199e.jpg, http://95.217.130.223:9000/instacart-product-images/large_f66d4b86-34c8-49a7-aab2-653d0dcc2df4.jpg",Please note this product is for 1 unit. Please see promotion to purchase case price.,"Shake well before first use. For best results, refrigerate after opening."
 Condiments,Chef's Quality Fancy Tomato Ketchup in Jugs,10 lb • $0.06/oz,$8.99 ,http://95.217.130.223:9000/instacart-product-images/large_567fbf79-658f-4a74-91b1-7f929bf79aed.png,Please note this product is for 1 unit. Please see promotion to purchase case price.,-
 Condiments,Cattlemen's® Memphis Sweet® BBQ Sauce,1 gal • $0.10/fl oz,$12.99 ,"http://95.217.130.223:9000/instacart-product-images/large_4e811c39-6147-4eda-9b98-265663e4a916.jpg, http://95.217.130.223:9000/instacart-product-images/large_d37b9c5b-fa36-47d8-9a36-f0a97c5f55de.jpg, http://95.217.130.223:9000/instacart-product-images/large_f66e8012-19a0-481f-adee-0ab1a5f47255.jpg",Please note this product is for 1 unit. Please see promotion to purchase case price.,"Great On: All types of proteins as well as baked beans, and pizza."
 Condiments,Chef's Quality Tomato Ketchup,7 g • 1000 x 7 g,$25.99 ,http://95.217.130.223:9000/instacart-product-images/large_2a6ff1e8-e39a-492f-8f2f-a98105abd093.jpg,• Kosher,"Keep in a cool, dry place."
 Condiments,Heinz Original Tomato Ketchup,114 oz • $0.11/oz,$12.99 ,http://95.217.130.223:9000/instacart-product-images/large_5c37f33c-4be8-4acc-bc8f-c2ce63820182.jpg,Please note this product is for 1 unit. Please see promotion to purchase case price.,See case packaging for more information about preparation and cooking suggestions
 Condiments,Cattlemen's® Kansas City Classic® BBQ Sauce,1 gal • $0.10/fl oz,$12.99 ,"http://95.217.130.223:9000/instacart-product-images/large_d800bce3-9965-4422-8267-9bd576103e51.jpg, http://95.217.130.223:9000/instacart-product-images/large_027d3af4-d2c5-45fe-8d42-2ffa43c677d5.jpg, http://95.217.130.223:9000/instacart-product-images/large_97b90ee5-440e-4fe8-9e0a-475a3c572f17.jpg",Please note this product is for 1 unit. Please see promotion to purchase case price.,-
 Condiments,"Trappey's Hot Sauce, Louisiana, Original Recipe",1 gal • $0.08/fl oz,$9.99 ,http://95.217.130.223:9000/instacart-product-images/large_f0281026-cb95-4493-ba0b-bd186a36ffde.jpg,Please note this product is for 1 unit. Please see promotion to purchase case price.,Shake before using.
 Condiments,Chef's Quality Buttermilk Ranch Dressing,1 gal • $0.14/fl oz,$17.99 ,http://95.217.130.223:9000/instacart-product-images/large_88cb74de-5779-41e0-a67a-4e33d394331b.png,Please note this product is for 1 unit. Please see promotion to purchase case price.,-
 Condiments,Don Pepino Fully Prepared Pizza Sauce,104 oz • $0.10/oz,$9.99 ,"http://95.217.130.223:9000/instacart-product-images/large_1d5768fe-a7f8-4d80-9502-d8da6d3dd073.png, http://95.217.130.223:9000/instacart-product-images/large_2aca6286-2efc-4c07-9638-174ab6d2b89e.png, http://95.217.130.223:9000/instacart-product-images/large_97aafc23-a1a4-47d0-9ca9-80cc5d9ef18d.png",Please note this product is for 1 unit. Please see promotion to purchase case price.,-
 Condiments,Stanislaus Food Products Tomato Magic #10 Can Saporito Super Heavy Pizza Sauce,1 each,$9.99 ,http://95.217.130.223:9000/instacart-product-images/large_c794d05c-4073-42e5-b8a4-3d3409f9749d.png,Please note this product is for 1 unit. Please see promotion to purchase case price.,-
 Condiments,Gulden's Spicy Brown Mustard,8 lb • $0.12/oz,$14.99 ,http://95.217.130.223:9000/instacart-product-images/large_9c7bd44e-7e8e-4e57-ad7a-f583869eef44.jpeg,Please note this product is for 1 unit. Please see promotion to purchase case price.,-
 Condiments,Cholula Green Pepper Hot Sauce,5 fl oz • $1.20/fl oz,$5.99 ,"http://95.217.130.223:9000/instacart-product-images/large_d3257216-2b96-43c2-bc15-d375072aafd2.jpg, http://95.217.130.223:9000/instacart-product-images/large_63764f4c-6aae-41a1-8c70-54c973b172fe.jpg, http://95.217.130.223:9000/instacart-product-images/large_61517392-e5c2-47c7-bafe-3607a9c01bf2.jpg",Please note this product is for 1 unit. Please see promotion to purchase case price.,Shake well.
 Condiments,Silver Floss Shredded Kraut,1 gal • $0.10/fl oz,$12.99 ,http://95.217.130.223:9000/instacart-product-images/large_b939811a-eb16-4d6d-97b1-2b1b2a489278.jpg,Please note this product is for 1 unit. Please see promotion to purchase case price.,-
 Condiments,Ken's Balsamic Vinaigrette Dressing,1 gal • $0.16/fl oz,$19.99 ,http://95.217.130.223:9000/instacart-product-images/large_afec12b7-d1d3-457d-8006-921acf156d2f.jpg,Please note this product is for 1 unit. Please see promotion to purchase case price.,-
 Condiments,"Trappey's Pepper Sauce, Cayenne",1 gal • $0.10/fl oz,$12.99 ,http://95.217.130.223:9000/instacart-product-images/large_adc6c4fc-1ef7-4d27-9bc5-f5c323c06355.jpg,Please note this product is for 1 unit. Please see promotion to purchase case price.,Shake before using.
 Condiments,Ken's Steak House Extra Heavy Mayonnaise,1 gal • $0.12/fl oz,$15.99 ,http://95.217.130.223:9000/instacart-product-images/large_9bfff1bf-07ba-4796-9b94-4f13d38ede74.jpg,Please note this product is for 1 unit. Please see promotion to purchase case price.,Refrigerate after opening
 Condiments,"Kikkoman Chili Sauce, Thai Style",84 oz • $0.24/oz,$19.99 ,"http://95.217.130.223:9000/instacart-product-images/large_3bfdb427-9d8f-4ca9-bb8c-3e9d91149939.png, http://95.217.130.223:9000/instacart-product-images/large_71900c5e-f73d-4eac-a918-feeb8cf11f63.png, http://95.217.130.223:9000/instacart-product-images/large_4f98ef9a-be56-4e5e-b234-f335021fee04.png",Please note this product is for 1 unit. Please see promotion to purchase case price.,Refrigerate after opening.
 Condiments,"Trappey's Hot Sauce, Original Recipe, Louisiana",6 fl oz • $0.20/fl oz,$1.19 ,"http://95.217.130.223:9000/instacart-product-images/large_bba78853-54e7-420b-8006-f5d112e5dfef.png, http://95.217.130.223:9000/instacart-product-images/large_15b7cdbe-a3f2-4326-a102-a38d85b7cabe.png, http://95.217.130.223:9000/instacart-product-images/large_b39adba3-0953-4150-97ed-f8f462ab6413.png",Please note this product is for 1 unit. Please see promotion to purchase case price.,-
 Condiments,La Morena Pickled Jalapeno Peppers,102 oz • $0.10/oz,$9.99 ,http://95.217.130.223:9000/instacart-product-images/large_1e7f9d35-b441-4e2a-89e6-36535a26fb71.jpg,Please note this product is for 1 unit. Please see promotion to purchase case price.,-
 Condiments,Sabrett Onions in Sauce,15 oz • $0.23/oz,$3.39 ,http://95.217.130.223:9000/instacart-product-images/large_0bc2a9ca-a32a-49c0-b217-ffb496d727de.jpg,Please note this product is for 1 unit. Please see promotion to purchase case price.,-
 Condiments,Kraft Deluxe Mayonnaise,1 gal • $0.16/fl oz,$19.99 ,http://95.217.130.223:9000/instacart-product-images/large_edf5a148-8d5a-4461-baae-b8b80daad36e.png,Please note this product is for 1 unit. Please see promotion to purchase case price.,Ready-to-use.
 Canned goods,Chef's Quality #10 Garbanzo Beans,1 each,$7.99 ,http://95.217.130.223:9000/instacart-product-images/large_c717cd02-8cfe-4a4e-844e-744ca6666986.jpg,Please note this product is for 1 unit. Please see promotion to purchase case price.,-
 Canned goods,VEG BABY CORN CUT #10,• #10,$8.99 ,http://95.217.130.223:9000/instacart-product-images/large_cfe69193-d744-45e9-b364-57b8161d375e.png,Please note this product is for 1 unit. Please see promotion to purchase case price.,-
 Canned goods,Chef's Quality #10 Sliced Carrots,1 each,$7.99 ,http://95.217.130.223:9000/instacart-product-images/large_30b7d71a-8472-4043-b2e5-e93dd4591ceb.png,Please note this product is for 1 unit. Please see promotion to purchase case price.,-
 Canned goods,Chef's Quality #4 Sieve Sweet Peas,10 oz • $1.00/oz,$9.99 ,http://95.217.130.223:9000/instacart-product-images/large_cd16cdb8-f9fc-4ab4-94a8-171f9ed94e1e.png,Please note this product is for 1 unit. Please see promotion to purchase case price.,-
 Canned goods,Alta Cucina Naturale Style Plum Tomatoes,10 ct • $0.90 each,$8.99 ,http://95.217.130.223:9000/instacart-product-images/large_0da104f2-f05c-47dd-8b76-c463d7245377.jpg,Please note this product is for 1 unit. Please see promotion to purchase case price.,-
 Canned goods,Supremo Italiano Pepperoncini,1 gal • $0.07/fl oz,$8.99 ,http://95.217.130.223:9000/instacart-product-images/large_d588a1eb-47b5-42a9-af4a-9362ad83e39a.jpg,Please note this product is for 1 unit. Please see promotion to purchase case price.,-
 Canned goods,SUZY BEL Tomato Puree,1 each,$9.99 ,http://95.217.130.223:9000/instacart-product-images/large_cbd363ee-3b10-4a98-8bf3-86fe599cb957.png,Please note this product is for 1 unit. Please see promotion to purchase case price.,-
 Canned goods,Chef's Quality Medium Sliced Beets,6 lb • $0.09/oz,$8.99 ,http://95.217.130.223:9000/instacart-product-images/large_6232e566-f4da-410f-a020-1541ed3c5fb9.png,Please note this product is for 1 unit. Please see promotion to purchase case price.,-
 Canned goods,Valoroso No. 10 Whole Plain Robusto Style Pear Tomatoes With Fresh Basil Leaf,6.5 lb • $0.09/oz,$8.99 ,http://95.217.130.223:9000/instacart-product-images/large_3afd3310-5ea9-49a8-9247-38991adc71da.jpg,Please note this product is for 1 unit. Please see promotion to purchase case price.,-
 Canned goods,Isabella's TOM PETITE DICED,10 lb • $0.04/oz,$5.99 ,http://95.217.130.223:9000/instacart-product-images/large_1a89e515-3dd4-410f-85ee-2794ea77eb93.jpg,Please note this product is for 1 unit. Please see promotion to purchase case price.,-
 Canned goods,Chef's Quality Whole-Kernel Corn,10 oz • $0.90/oz,$8.99 ,http://95.217.130.223:9000/instacart-product-images/large_4f3bba68-6f3f-473e-81cd-900d0a5ab6f2.png,Please note this product is for 1 unit. Please see promotion to purchase case price.,-
 Canned goods,Chef's Quality Whole Baby Clams,28 oz • $0.25/oz,$6.99 ,http://95.217.130.223:9000/instacart-product-images/large_38d3c2f4-0e7b-499b-942a-83c11c04c668.jpg,Please note this product is for 1 unit. Please see promotion to purchase case price.,-
 Canned goods,Dole Pineapple Tidbits in Light Syrup,106 oz • $0.09/oz,$9.99 ,http://95.217.130.223:9000/instacart-product-images/large_32bcca83-47f8-448c-93a4-1fd62d53c92f.png,Please note this product is for 1 unit. Please see promotion to purchase case price.,"After opening, refrigerate contents in glass or plastic container."
 Canned goods,Dole Pineapple Chunks in Heavy Syrup,6.75 lb • $0.12/oz,$12.99 ,"http://95.217.130.223:9000/instacart-product-images/large_a205f752-5318-4637-aa13-1663af35f589.png, http://95.217.130.223:9000/instacart-product-images/large_f32de3e8-20eb-48eb-a6ad-94228de6ec59.png, http://95.217.130.223:9000/instacart-product-images/large_4ad33ef6-75d9-45a5-952d-ad4d306afaf7.png",Please note this product is for 1 unit. Please see promotion to purchase case price.,"After opening, refrigerate contents in glass or plastic container."
 Canned goods,Supremo Italiano Cocktail Onions,32 fl oz • $0.22/fl oz,$6.99 ,http://95.217.130.223:9000/instacart-product-images/large_e8258a3e-904a-4d58-92b4-7646bcf19a7b.jpg,Please note this product is for 1 unit. Please see promotion to purchase case price.,Refrigerate after opening.
 Canned goods,CHEF S QUALITY CHERRIES WITH STEMS 64OZ,64 z,$13.99 ,http://95.217.130.223:9000/instacart-product-images/large_504d1514-bda0-494a-a77c-ed9917b4bf4c.jpg,Please note this product is for 1 unit. Please see promotion to purchase case price.,-
 Canned goods,Ruby Solid White Albacore White Tuna,66.5 oz • $0.30/oz,$19.99 ,http://95.217.130.223:9000/instacart-product-images/large_63c05f50-f99b-45a9-be00-26bd8ccb8cd7.jpg,Please note this product is for 1 unit. Please see promotion to purchase case price.,-
 Canned goods,Sebastian Special Crab Meat,16 oz • $0.94/oz,$14.99 ,http://95.217.130.223:9000/instacart-product-images/large_a5b87189-9ba1-4724-9194-c1a3bdd33393.jpg,Please note this product is for 1 unit. Please see promotion to purchase case price.,-
 Canned goods,Chef's Quality Black Beans,10 lb • $0.05/oz,$7.99 ,http://95.217.130.223:9000/instacart-product-images/large_cd86f913-e7b4-41fc-8c3d-d64f7def208d.jpg,Please note this product is for 1 unit. Please see promotion to purchase case price.,-
 Canned goods,Chef's Quality Hearts of Palm Cuts & Tips Can,28 oz • $0.25/oz,$6.99 ,http://95.217.130.223:9000/instacart-product-images/large_1405888b-eed3-43fe-9d03-53bb58ba986b.png,Please note this product is for 1 unit. Please see promotion to purchase case price.,-
 Canned goods,Chef’s Quality Cream Style Corn,9 oz • $1.00/oz,$8.99 ,http://95.217.130.223:9000/instacart-product-images/large_883df6d4-21e3-476e-a06d-1f42ca960b73.png,Please note this product is for 1 unit. Please see promotion to purchase case price.,-
 Canned goods,Pacific Supreme Crab Meat Pasteuried,16 oz • $1.25/oz,$19.99 ,http://95.217.130.223:9000/instacart-product-images/large_05e5462c-1ef2-4e60-a50b-a68dc237da99.jpg,Please note this product is for 1 unit. Please see promotion to purchase case price.,-
 Canned goods,Red Swimming Crab Jumbo Lump Meat Can From China,1 lb • $1.87/oz,$29.99 ,http://95.217.130.223:9000/instacart-product-images/large_7fbfbf83-ead8-400f-85e9-4129dc52530c.jpg,Please note this product is for 1 unit. Please see promotion to purchase case price.,-
 Canned goods,Supremo Italiano Quartered Artichoke Hearts,2500 g • $0.40/100g,$9.99 ,http://95.217.130.223:9000/instacart-product-images/large_1cd78017-4515-4478-9ada-7e2ac7682b33.png,Please note this product is for 1 unit. Please see promotion to purchase case price.,-
 Canned goods,Supremo Italiano Red & Green Pepper Strips,10 lb • $0.06/oz,$9.99 ,http://95.217.130.223:9000/instacart-product-images/large_7782cc65-9d0a-484d-a354-bc0d699b0fd4.png,Please note this product is for 1 unit. Please see promotion to purchase case price.,-
 Canned goods,Chef's Quality Pork & Beans,10 lb • $0.05/oz,$7.99 ,http://95.217.130.223:9000/instacart-product-images/large_bfffc480-ed95-477b-9e9b-ee6213bcfec4.png,Please note this product is for 1 unit. Please see promotion to purchase case price.,-
 Canned goods,SUPREMO ITALIANO MUSHROOMS STEMS & PIECES,• #10,$9.99 ,http://95.217.130.223:9000/instacart-product-images/large_57a84497-1c1c-4079-9c07-54d116d1141f.jpg,Please note this product is for 1 unit. Please see promotion to purchase case price.,-
 Canned goods,Chef's Quality Ocean Clam Juice,46 oz • $0.13/oz,$5.99 ,http://95.217.130.223:9000/instacart-product-images/large_81688de7-9f83-44bc-b094-4f8959c6c41a.jpg,Please note this product is for 1 unit. Please see promotion to purchase case price.,-
 Canned goods,Deer Kesar Premium Sweetened Mango Pulp,30 oz • $0.13/oz,$3.99 ,http://95.217.130.223:9000/instacart-product-images/large_bdc82aeb-473f-495d-ae64-3642b2098543.jpg,Please note this product is for 1 unit. Please see promotion to purchase case price.,-
 Canned goods,Dole Crushed Coarse Cut In 100% Juice Pineapple,6 lb • $0.14/oz,$12.99 ,http://95.217.130.223:9000/instacart-product-images/large_9c217cf9-033b-40b4-ab3d-012bf8581973.jpg,Please note this product is for 1 unit. Please see promotion to purchase case price.,"After opening, refrigerate contents in glass or plastic container."
 Canned goods,Coco Lopez 15oz. Cream of Coconuts,15 oz • $0.27/oz,$3.99 ,http://95.217.130.223:9000/instacart-product-images/large_9dd3317c-48d3-4c46-96b6-2f71b29bc795.jpg,Please note this product is for 1 unit. Please see promotion to purchase case price.,"Natural coconut may congeal when cold. To reliquify immerse can in warm water. Shake well before using. Use at room temperature., For luscious, creamy, authentic Pina Colada follow these simple steps. The Authentic Pina Colada: 1. Combine 4 oz. Coco Lopez, 4 fl. oz. pineapple juice, 3 fl. oz. rum, 2 cups of ice. 2. Mix well in blender. 3. Garnish with pineapple and cherry. Serve 2. The Family Pina Colada: For a refreshing Pina Colada the whole family will enjoy, just leave out the rum., Refrigerate after opening."
 Canned goods,Goya Premium Pink Beans,29 oz • $1.34/oz,$38.99 ,"http://95.217.130.223:9000/instacart-product-images/large_72ca626b-c9dd-487d-819e-6a79438c99c3.jpg, http://95.217.130.223:9000/instacart-product-images/large_99cec781-e061-4ff5-9ffd-1bd8f5b2d6bb.jpg, http://95.217.130.223:9000/instacart-product-images/large_8efb149f-f0a7-47b3-984d-b612a0e6a9a5.jpg","ChooseMyPlate.gov. Always plump and tender - for great tasting rice and beans, stews and soup. For additional recipes visit us at: www.goya.com. www.goya.com. Product of USA.",-
 Canned goods,Chef's Quality #10 Pear Halves,6 ct • $1.50 each,$8.99 ,http://95.217.130.223:9000/instacart-product-images/large_bd621117-82f4-470a-a283-206a495d2964.png,Please note this product is for 1 unit. Please see promotion to purchase case price.,-
 Canned goods,Heinz Tomato Paste,6.938 lb • 6.94 lb,$16.99 ,http://95.217.130.223:9000/instacart-product-images/large_6723e211-5ee0-4d95-8778-281fb0b59bc6.jpg,Please note this product is for 1 unit. Please see promotion to purchase case price.,Ready to use or customize.
 Canned goods,Sabor Nuestro Frozen Sabor Nuestro - Mango Pulp - 14 oz Pack,14 oz • $0.14/oz,$1.99 ,http://95.217.130.223:9000/instacart-product-images/large_5e46bd0e-5d39-4cf8-86df-86341ea7d3fe.png,Please note this product is for 1 unit. Please see promotion to purchase case price.,-
 Canned goods,Supremo Italiano Sliced Mushrooms,62 oz • $0.16/oz,$9.99 ,http://95.217.130.223:9000/instacart-product-images/large_37884657-f3cc-4086-b633-e32b10ef96ec.png,Please note this product is for 1 unit. Please see promotion to purchase case price.,-
 Canned goods,Rosarita Refried Beans,7 lb • $0.12/oz,$12.99 ,"http://95.217.130.223:9000/instacart-product-images/large_fb83c7a9-6175-4872-98be-873c28324eda.jpeg, http://95.217.130.223:9000/instacart-product-images/large_7d920400-38d2-4da4-8da1-1706bc1c5085.jpeg, http://95.217.130.223:9000/instacart-product-images/large_0eb0597d-413c-44fd-8929-d8a011fe15a7.jpeg",Please note this product is for 1 unit. Please see promotion to purchase case price.,Top individual servings with: shredded cheddar or jack cheese; sliced green onions; sliced ripe olives; diced green chiles; chopped fresh cilantro; sour cream.
 Eggs,James Farm Whole Eggs,2 lb • $0.12/oz,$3.99 ,http://95.217.130.223:9000/instacart-product-images/large_13b02c14-6040-4750-9897-1aba29acb734.jpg,Please note this product is for 1 unit. Please see promotion to purchase case price.,-
 Eggs,James Farm Large Eggs,90 ct • $0.22 each,$19.99 ,http://95.217.130.223:9000/instacart-product-images/large_b5d31cf1-cad5-48e4-be17-611f3e4681e3.png,-,-
 Eggs,James Farm Jumbo Eggs in Carton,144 ct • $0.23 each,$32.99 ,http://95.217.130.223:9000/instacart-product-images/large_1d66c693-e49c-42c6-b26f-afdba5acf8b5.jpg,-,-
 Eggs,James Farm LIQUID EGG WHITES,2 lb • $0.14/oz,$4.59 ,http://95.217.130.223:9000/instacart-product-images/large_23162c9b-e1d8-4814-9662-614792e927ce.jpg,Please note this product is for 1 unit. Please see promotion to purchase case price.,-
 Eggs,James Farm Large Loose Eggs,180 ct • $0.22 each,$39.99 ,http://95.217.130.223:9000/instacart-product-images/large_f13af908-b2bd-4fa0-b6fc-4f3da8e58683.jpg,-,-
 Eggs,Large Loose Eggs,1 each,$26.99 ,http://95.217.130.223:9000/instacart-product-images/large_dfa43dc3-337a-45c8-9d62-54c2c3a3b25c.png,-,-
 Eggs,Extra Large Eggs,1 each,$69.99 ,http://95.217.130.223:9000/instacart-product-images/large_da52b182-d807-4444-ac0a-17eafe1b896f.jpg,-,-
 Eggs,James Farm Medium Loose Eggs,12 ct • 15 ct,$35.99 ,http://95.217.130.223:9000/instacart-product-images/large_69b2eaa5-5454-43b2-8efc-5859ef553f58.jpg,-,-
 Eggs,James Farm Extra Large Loose Eggs,180 ct • $0.22 each,$39.99 ,http://95.217.130.223:9000/instacart-product-images/large_fb824b34-83fa-4dd0-a0cd-92c356a9cecc.jpg,-,-
 Eggs,James Farm Egg Yolks,1 lb • $0.22/oz,$3.59 ,http://95.217.130.223:9000/instacart-product-images/large_e65666e5-983e-4da6-9792-f90df65a874f.jpg,Please note this product is for 1 unit. Please see promotion to purchase case price.,-
 Eggs,James Farm Extra Large Eggs Carton,180 ct • $0.22 each,$39.99 ,http://95.217.130.223:9000/instacart-product-images/large_c70ec844-b1ef-470d-8275-959253af9785.jpg,-,-
 Eggs,James Farm Extra Large Loose Eggs,30 doz,$79.99 ,http://95.217.130.223:9000/instacart-product-images/large_1a48a0cf-db4a-4d5f-9b04-c5b91567aba5.jpg,-,-
 Eggs,James Farm Loose Diner Eggs,30 doz,$83.99 ,http://95.217.130.223:9000/instacart-product-images/large_cc088603-0fac-446e-b817-26e0864e9f95.png,-,-
 Eggs,James Farm Large Loose Eggs,360 ct • $0.22 each,$78.99 ,http://95.217.130.223:9000/instacart-product-images/large_d9a3e07f-dfa0-4f53-a5af-92b56ee392dd.jpg,-,-
 Beef,Godshall's Beef Bacon,10 oz • $0.70/oz,$6.99 ,"http://95.217.130.223:9000/instacart-product-images/large_8b3fb2a3-31b4-4e34-b213-08b473e00efa.jpg, http://95.217.130.223:9000/instacart-product-images/large_3abfb910-49f3-47a3-90b4-938ccc840f6b.jpg, http://95.217.130.223:9000/instacart-product-images/large_0cfc9506-ccf8-49b7-874f-a36db8820088.jpg",Please note this product is for 1 unit. Please see promotion to purchase case price.,"Safe Handling Instructions: This product was prepared from inspected and passed meat and/or poultry. Some food products may contain bacteria that could cause illness if the product is mishandled or cooked improperly. For your protection, follow these safe handling instructions. Keep frozen. Keep raw meat and poultry separate from other foods. Wash working surfaces (including cutting boards), utensils, and hands after touching raw meat or poultry. Cook thoroughly. Keep hot foods hot. Refrigerate leftovers immediately or discard., Cooking Instructions: Skillet: Cook in skillet over low heat. Turn frequently, allowing slices to brown evenly. Bake: Place separated slices on rack in a shallow pan. Bake about 15 minutes at 400 degrees F. no turning necessary. Microwave: Place slices in shallow glass container or paper plate. Cover with paper towel. Cook on high power. 2 slices: 1 1/2 minutes, 4 slices: 2 1/2 minutes. Air Fry: Pre-heat air fryer to 350 degrees F, lay slices a mesh/wire rack and cook slices for 7 minutes., Keep refrigerated."
 Beef,American Foods Group 73/27 Fine Ground Halal Beef,About 5.0 lb / package • $3.99 / lb (About 5.0 lb / package)Final cost by weight,$19.95 /pkg (est.),http://95.217.130.223:9000/instacart-product-images/large_e81592d8-1985-44b4-bcfe-14a03a9a69b8.png,-,-
 Beef,89/19 Fine Grind Angus Ground Chuck,About 10.0 lb each • $3.99 / lb (About 10.0 lb each)Final cost by weight,$39.90 each (est.),http://95.217.130.223:9000/instacart-product-images/large_af25cb99-95e2-4adc-a7f4-a51741043fec.jpg,-,-
 Beef,Deen Halal Beef Breakfast Slices,12 oz • $0.83/oz,$9.99 ,"http://95.217.130.223:9000/instacart-product-images/large_cd60f4a1-03c4-4bbf-b495-118e11a95064.jpg, http://95.217.130.223:9000/instacart-product-images/large_b7689c32-cae0-496d-9fa8-f12258a7497d.jpg, http://95.217.130.223:9000/instacart-product-images/large_526df045-878e-44dd-a2bf-29f09cb9dd42.jpg",Please note this product is for 1 unit. Please see promotion to purchase case price.,"Safe Handling Instructions: This product was prepared from inspected and passed meat and/or poultry. Some food products may contain bacteria that could cause illness if the product is mishandled or cooked improperly. For your protection, follow these safe handling instructions. Keep refrigerated or frozen. Thaw in refrigerator or microwave. Keep raw meat and poultry separate from other foods. Wash working surfaces (including cutting boards), utensils and hands after touching raw meat or poultry. Cook thoroughly. Keep hot foods hot. Refrigerate leftovers immediately or discard., Cooking Instructions: Fry: Cook in skillet over low heat. Turn frequently, allowing slices to brown evenly. Place separated strips on rack in shallow pan. Bake about 15 minutes at 400 degrees F. No turning necessary. Place strips in shallow glass container or paper plate. Cover with paper towel. Cook on high power. 2 strips: 1-1/2 min., 4 strips: 2-1/2 min., Keep refrigerated."
 Beef,100% Thick All Beef Hamburger,6 oz • $8.33/oz,$49.99 ,http://95.217.130.223:9000/instacart-product-images/large_98a31036-8986-4f1e-b036-aea3d3be1da4.png,-,-
 Beef,80% Lean 20% Fat Fresh Ground Beef,10 lb • $0.31/oz,$49.99 ,http://95.217.130.223:9000/instacart-product-images/large_5c807875-6163-486b-a4e5-f2e0575668cb.jpg,Please note this product is for 1 unit. Please see promotion to purchase case price.,-
 Beef,USDA Choice Grade Beef Briskets,About 20.0 lb each • $4.99 / lb (About 20.0 lb each)Final cost by weight,$99.80 each (est.),http://95.217.130.223:9000/instacart-product-images/large_47cd408b-0b92-4d7d-8fdf-14bd1734b530.jpg,-,-
 Beef,100% Thick All Beef Hamburger,4 oz • $12.50/oz,$49.99 ,http://95.217.130.223:9000/instacart-product-images/large_35000128-5c34-419a-93b5-8e440fd5c405.png,-,-
 Beef,Red & White Lean-Cut Ox Tails,About 15.0 lb each • $8.99 / lb (About 15.0 lb each)Final cost by weight,$134.85 each (est.),http://95.217.130.223:9000/instacart-product-images/large_c99c5e40-594d-4b2b-9b3b-b8dacef461d6.jpg,-,-
 Beef,XBL Halal Brisket,About 13.0 lb each • $4.99 / lb (About 13.0 lb each)Final cost by weight,$64.87 each (est.),http://95.217.130.223:9000/instacart-product-images/large_d5d11ab0-3dad-4953-9326-30c174d1351a.jpg,-,-
 Beef,Red & White Halal Standard Grade Beef Inside Top Round,About 24.0 lb / package • $4.99 / lb (About 24.0 lb / package)Final cost by weight,$119.76 /pkg (est.),http://95.217.130.223:9000/instacart-product-images/large_ac7c7390-4966-4b35-871f-5f5ac5c93cc1.png,-,-
 Beef,USDA Select or Higher Beef Top Round,About 30.0 lb each • $4.99 / lb (About 30.0 lb each)Final cost by weight,$149.70 each (est.),http://95.217.130.223:9000/instacart-product-images/large_5ec953f1-b1e9-47da-a96b-666847182761.jpg,-,-
 Beef,USDA Standard Grade Boneless Chuck Short Ribs,About 9.0 lb each • $12.99 / lb (About 9.0 lb each)Final cost by weight,$116.91 each (est.),http://95.217.130.223:9000/instacart-product-images/large_0c13ba09-7d44-4890-9f90-82252a4a3af4.jpg,-,-
 Beef,USDA Choice Neck-Off Black Angus Beef Chuck Roll,About 25.0 lb each • $4.99 / lb (About 25.0 lb each)Final cost by weight,$124.75 each (est.),http://95.217.130.223:9000/instacart-product-images/large_a10b4017-51c1-421a-938a-bded22ff8eae.jpg,-,-
 Beef,USDA Standard or Higher Beef Outside Skirt Steaks,About 12.0 lb / package • $9.99 / lb (About 12.0 lb / package)Final cost by weight,$119.88 /pkg (est.),http://95.217.130.223:9000/instacart-product-images/large_6e570228-1424-437e-b59e-485ca15c51f9.jpg,-,-
 Beef,Red & White USDA Choice Grade Beef Eye of Round,About 7.0 lb each • $5.59 / lb (About 7.0 lb each)Final cost by weight,$39.13 each (est.),http://95.217.130.223:9000/instacart-product-images/large_1d1aa505-b042-4721-b470-2ad031d866ec.jpg,-,-
 Beef,R/W Superior Angus Beef Hanging Tenders,About 5.0 lb each • $9.99 / lb (About 5.0 lb each)Final cost by weight,$49.95 each (est.),http://95.217.130.223:9000/instacart-product-images/large_ae50d77d-6869-47f3-90b7-e0634ef8c215.jpg,-,-
 Beef,Superior Angus Beef Flat Iron Steak,About 6.0 lb each • $7.99 / lb (About 6.0 lb each)Final cost by weight,$47.94 each (est.),http://95.217.130.223:9000/instacart-product-images/large_ea16d5f0-5dc6-4bcb-bfd9-8c9834e38957.jpg,-,-
 Beef,Halal Beef Ribeye,About 5.0 lb each • $4.99 / lb (About 5.0 lb each)Final cost by weight,$24.95 each (est.),http://95.217.130.223:9000/instacart-product-images/large_f7e0ce97-ba99-4682-8eab-35fa28d969af.jpg,-,-
 Beef,Beef Angus Pectoral,About 15.0 lb each • $5.99 / lb (About 15.0 lb each)Final cost by weight,$89.85 each (est.),http://95.217.130.223:9000/instacart-product-images/large_681d5e6f-bf43-4e01-87c6-421b0d7c13c5.jpg,-,-
 Beef,Venice Maid Foods Corned Beef Hash Bulk Can,108 oz • $0.20/oz,$21.99 ,http://95.217.130.223:9000/instacart-product-images/large_1079c604-691e-45c9-848c-e881cf69e3d5.png,Please note this product is for 1 unit. Please see promotion to purchase case price.,-
 Beef,Denuded USDA Select Beef Top Round,About 25.0 lb each • $5.99 / lb (About 25.0 lb each)Final cost by weight,$149.75 each (est.),http://95.217.130.223:9000/instacart-product-images/large_a3996729-abb8-45bb-a4cf-3740b0bdad86.jpg,-,-
 Beef,Red & White Superior Choice Angus Beef Xt Bottom Round Flat,About 15.0 lb each • $4.99 / lb (About 15.0 lb each)Final cost by weight,$74.85 each (est.),http://95.217.130.223:9000/instacart-product-images/large_ee073dd5-27c8-43bb-a575-9774d271ce56.jpg,-,-
 Beef,USDA Select Beef Deli Trimmed & Tied Top Round,About 18.0 lb / package • $6.99 / lb (About 18.0 lb / package)Final cost by weight,$125.82 /pkg (est.),http://95.217.130.223:9000/instacart-product-images/large_2a9156a2-df7d-467c-9ea6-0b3b4f23bb45.png,-,-
 Beef,R/W Halal Standard Grade Peeled Beef Knuckle,About 17.0 lb / package • $11.99 / lb (About 17.0 lb / package)Final cost by weight,$203.83 /pkg (est.),http://95.217.130.223:9000/instacart-product-images/large_703eff71-5c10-4243-a2f2-cf0ed7a14574.jpg,-,-
 Beef,USDA Select Grade Beef Flap,About 17.0 lb each • $8.99 / lb (About 17.0 lb each)Final cost by weight,$152.83 each (est.),http://95.217.130.223:9000/instacart-product-images/large_82730087-a71e-48ca-9855-682bf3ccc5e2.jpg,-,-
 Beef,Halal Beef Chuck Short Rib,About 10.0 lb each • $8.99 / lb (About 10.0 lb each)Final cost by weight,$89.90 each (est.),http://95.217.130.223:9000/instacart-product-images/large_f0aa4d07-ff54-4651-8a0c-bb6e0bb1f539.jpg,-,-
 Beef,Fresh Boneless Angus Beef Strip,About 11.0 lb each • $6.99 / lb (About 11.0 lb each)Final cost by weight,$76.89 each (est.),http://95.217.130.223:9000/instacart-product-images/large_a14ba028-584c-48ba-893b-aace04b987f5.jpg,-,-
 Beef,Red & White USDA Select Grade Beef Top Sirloin,About 17.0 lb each • $12.99 / lb (About 17.0 lb each)Final cost by weight,$220.83 each (est.),http://95.217.130.223:9000/instacart-product-images/large_5edcd051-0430-44e5-b96f-17a8f7684e6c.jpg,-,-
 Beef,6mm Sliced Inside Round Beef,About 20.0 lb / package • $6.99 / lb (About 20.0 lb / package)Final cost by weight,$139.80 /pkg (est.),http://95.217.130.223:9000/instacart-product-images/large_7412c059-ede5-4b05-9292-f3fc3872046e.png,-,-
 Beef,R/w 14 to 16 Ounce Veal Rib Chop,About 10.0 lb each • $17.99 / lb (About 10.0 lb each)Final cost by weight,$179.90 each (est.),http://95.217.130.223:9000/instacart-product-images/large_32ae9e51-59d3-4d82-bc81-0eb07616873b.jpg,-,-
 Beef,USDA Choice Grade 0X1 Boneless Beef Striploin,About 5.0 lb each • $15.99 / lb (About 5.0 lb each)Final cost by weight,$79.95 each (est.),http://95.217.130.223:9000/instacart-product-images/large_b3153e46-06c1-41c8-bc54-dbb1948ea7b6.jpg,-,-
 Beef,6-Rib Chop Ready Domestic Veal Rack,About 8.0 lb each • $11.99 / lb (About 8.0 lb each)Final cost by weight,$95.92 each (est.),http://95.217.130.223:9000/instacart-product-images/large_2e9d822d-f11b-4bea-9b8a-d558b4be5127.jpg,-,-
 Beef,Bea's Best City Foods Raw Corned Beef Briskets,About 7.0 lb / package • $2.99 / lb (About 7.0 lb / package)Final cost by weight,$20.93 /pkg (est.),http://95.217.130.223:9000/instacart-product-images/large_98cd1c53-12c7-4e50-be35-68e605347999.jpg,-,-
 Beef,USDA Choice Bone-In Black Angus Chuck Short Ribs,About 22.0 lb each • $13.99 / lb (About 22.0 lb each)Final cost by weight,$307.78 each (est.),http://95.217.130.223:9000/instacart-product-images/large_838000ab-3a40-4a3b-b762-72f19d5a9fcc.jpg,-,-
 Beef,R/W Boneless Superior Choice Angus Beef Ribeye,About 7.0 lb each • $19.99 / lb (About 7.0 lb each)Final cost by weight,$139.93 each (est.),http://95.217.130.223:9000/instacart-product-images/large_d0aabb11-7c29-49ff-ad18-3698f5e3bbfa.jpg,-,-
 Beef,100% All Beef Flat Hamburger,4 oz • $12.50/oz,$49.99 ,http://95.217.130.223:9000/instacart-product-images/large_da01cd5f-1936-4f89-be41-45004e011942.png,-,-
 Beef,Buona Vita Fully Cooked Meatballs,10 lb • $0.19/oz,$29.99 ,http://95.217.130.223:9000/instacart-product-images/large_95b66414-2edc-4e87-9a4e-4a294e7ac245.png,-,-
 Frozen desserts,Chef's Quality Supremo Italiano Tiramisu Tray,4.25 lb • $0.53/oz,$35.99 ,http://95.217.130.223:9000/instacart-product-images/large_4146a990-ef7f-4f01-a50e-9cb68bed7125.png,Please note this product is for 1 unit. Please see promotion to purchase case price.,-
 Frozen desserts,"Chef's Quality 14"" Gourmet Sliced New York Cheesecake",4 lb • $0.39/oz,$24.99 ,http://95.217.130.223:9000/instacart-product-images/large_534b70dc-873c-430f-a04b-ac18e6ff554d.png,Please note this product is for 1 unit. Please see promotion to purchase case price.,-
 Frozen desserts,SWTSUM Van No Bean,3 gal • $0.07/fl oz,$27.99 ,http://95.217.130.223:9000/instacart-product-images/large_41ac0889-d26e-4c9e-9db0-a0f68f14bc2a.png,-,-
 Frozen desserts,Sabor Nuestro Frozen Sabor Nuestro - Tres Leches Cake Tray - 5.5 lbs,5.5 lb • $0.42/oz,$36.99 ,http://95.217.130.223:9000/instacart-product-images/large_6c1456a9-56e5-4e74-af84-1d777643a4ea.jpg,Please note this product is for 1 unit. Please see promotion to purchase case price.,-
 Frozen desserts,Sapore Sensual Caramelo De Flan,3.5 oz • $10.28/oz,$35.99 ,http://95.217.130.223:9000/instacart-product-images/large_2dac801c-4371-4ad4-b158-1f51dfe4a883.jpg,Please note this product is for 1 unit. Please see promotion to purchase case price.,-
 Frozen desserts,David's Rocky Road Brownies,4 oz • 24 x 4 oz,$29.99 ,http://95.217.130.223:9000/instacart-product-images/large_b41b6da9-a31d-46c2-a49e-8ec3d1e5381c.jpeg,Please note this product is for 1 unit. Please see promotion to purchase case price.,-
 Frozen desserts,Perfect Grip Ice Cream,1 each,$9.99 ,http://95.217.130.223:9000/instacart-product-images/large_bc260171-3dc8-4152-bd41-aced3bb7a095.png,Please note this product is for 1 unit. Please see promotion to purchase case price.,-
 Frozen desserts,"Chef's Quality 10"" 14 Slice Lemoncello Cake",1 each,$33.99 ,http://95.217.130.223:9000/instacart-product-images/large_aeb06095-eedb-4a93-8e9b-71007538455e.png,Please note this product is for 1 unit. Please see promotion to purchase case price.,-
 Frozen desserts,Chef's Quality 14 Slice Chocolate Fudge Layer Cake,4.75 lb • $0.34/oz,$25.99 ,http://95.217.130.223:9000/instacart-product-images/large_7d5e2df2-7a52-4a0c-91f8-670e6204e18c.png,Please note this product is for 1 unit. Please see promotion to purchase case price.,-
 Frozen desserts,David's Cookies Frozen Chocolate Trilogy,5.75 oz • 6 x 5.75 oz,$19.99 ,http://95.217.130.223:9000/instacart-product-images/large_73ac88a3-e1d4-48b8-83ea-3d1fc91ae107.jpg,Please note this product is for 1 unit. Please see promotion to purchase case price.,-
 Frozen desserts,Frozen Chocolate Temptation Cake,1 each,$37.99 ,http://95.217.130.223:9000/instacart-product-images/large_480e5e52-70b8-4ed4-8f1c-6d70154347ed.png,Please note this product is for 1 unit. Please see promotion to purchase case price.,-
 Frozen desserts,Philadelphia Water Ice Premium Coconut Water Ice,2.5 gal • $0.09/fl oz,$29.99 ,http://95.217.130.223:9000/instacart-product-images/large_ba78fad3-dfd7-4ec9-944e-ac5987d1ca83.jpg,-,-
 Frozen desserts,Supremo Italiano Tartufo,6.8 oz • 8 x 6.8 oz,$26.99 ,http://95.217.130.223:9000/instacart-product-images/large_747578bb-487d-4b81-94a5-22e01f1049d9.png,-,-
 Frozen desserts,Chef Quality Chocolate Lava Cake,3.5 oz • 12 x 3.5 oz,$27.99 ,http://95.217.130.223:9000/instacart-product-images/large_627ea4ec-743f-43ba-be1b-0016f04241b4.jpg,-,-
 Frozen desserts,Bindi 12-Slice Frozen Ricotta & Pistachio Cake,1 each,$39.99 ,http://95.217.130.223:9000/instacart-product-images/large_61715a9e-70a4-44df-8060-6cb5101ec43a.png,-,-
 Frozen desserts,La Boulangerie Assorted Macarons,36 ct • 2 ct,$46.99 ,http://95.217.130.223:9000/instacart-product-images/large_cae008e9-2d8b-45f3-81ed-963c27f6abb7.jpg,-,-
 Frozen desserts,Jack & Jill Ice Cream Company Cookies & Cream Ice Cream,3 gal • $0.08/fl oz,$31.99 ,http://95.217.130.223:9000/instacart-product-images/large_0ce6b1ef-76a9-4f28-875d-8e2354403352.png,-,-
 Frozen desserts,Jack & Jill Chocolate Ice Cream,3 gal • $0.07/fl oz,$27.99 ,http://95.217.130.223:9000/instacart-product-images/large_50d2c557-fbeb-4e2e-ae46-ae26983efbe3.png,-,-
 Frozen desserts,"Philadelphia Water Ice Rainbow Ice, Cherry, Vanilla, Blueberry",0.5 pt • $1.75/fl oz,$13.99 ,http://95.217.130.223:9000/instacart-product-images/large_8c720ec2-384c-49c2-a977-93ec35523e34.png,-,-
 Frozen desserts,Jack & Jill Ice Cream Company Butter Pecan Ice Cream,3 gal • $0.10/fl oz,$39.99 ,http://95.217.130.223:9000/instacart-product-images/large_c9400acb-338e-4caa-9136-8169ff9877d3.png,-,-
 Frozen desserts,"Sabor Nuestro Frozen Sabor Nuestro - Bavarian Cream-Filled Churros, 10 inch - 50 ct",50 ct • $0.80 each,$39.99 ,http://95.217.130.223:9000/instacart-product-images/large_0dea8ecd-1d72-40a0-9ad3-1fe67e6aa1f6.png,-,-
 Frozen desserts,Chef's Quality Strawberry Topping,64 oz • $0.31/oz,$19.99 ,http://95.217.130.223:9000/instacart-product-images/large_973b70c6-ef31-4ed2-a092-8405d49d5a69.jpg,Please note this product is for 1 unit. Please see promotion to purchase case price.,-
 Frozen desserts,Zeroll 2.5 Ounce Size #16 Green Original Heat-Conductive Ice Cream Scoop,1 each,$22.99 ,http://95.217.130.223:9000/instacart-product-images/large_75902c1d-dd28-4985-8756-2e49150004c4.png,Please note this product is for 1 unit. Please see promotion to purchase case price.,-
 Frozen desserts,David's Cookies White Chooclate Macadamia Nut Cookie Dough,1.5 oz • 120 x 1.5 oz,$55.99 ,http://95.217.130.223:9000/instacart-product-images/large_232f7af0-7c05-4549-8935-845b39ead508.jpg,-,-
 Frozen desserts,Jack & Jill Strawberry Ice Cream,3 gal • $0.08/fl oz,$29.99 ,http://95.217.130.223:9000/instacart-product-images/large_85569d5b-88f0-4d2a-b354-191950a23e3e.png,-,-
 Frozen desserts,Philadelphia Water Ice Classic Cherry Ice,2.5 gal • $0.09/fl oz,$29.99 ,http://95.217.130.223:9000/instacart-product-images/large_33ba6717-7060-4b56-a0a6-e220e0cffe61.jpg,-,-
 Frozen desserts,Philadelphia Water Ice Cherry Ice Water,8 fl oz • $1.75/fl oz,$13.99 ,http://95.217.130.223:9000/instacart-product-images/large_ebf4abe8-069f-4584-8dc2-b882945adf35.png,-,-
